1962 3080
1015 157 1030 184 1

1007 157 1073 208 «48

282 281 514 324 bracteam
558 277 845 336 longitudine
889 274 984 317 sere
1023 290 1240 335 aequans,
1296 274 1498 324 hissoi-us,
1540 288 1642 318 cum
1678 273 1805 333 pedi-

279 353 405 396 cellis
458 349 632 408 glaber.
689 351 854 411 Sepala
908 361 1061 395 versus
1116 349 1295 409 apicem
1345 348 1512 392 sensim
1547 352 1797 400 attenuata,

280 429 411 489 apice
463 427 792 475 obtusiusculo,
850 426 1223 474 membranacea,
1264 424 1658 473 nervoso—striata,
1698 422 1806 466 viri-

280 504 370 547 dia.
427 502 575 546 Tubus
631 502 833 546 corollae
871 501 1192 558 suliangustus‚
1234 515 1336 543 cum
1373 499 1535 560 petalis
1573 505 1613 542 et
1651 498 1805 542 stami—

279 579 428 624 nodiis
480 576 1168 623 striato-lirunneo-maculatus.
1219 576 1373 618 Petala
1416 575 1633 633 oblonga,
1676 573 1806 618 obtu-

280 656 492 706 siuscula,
520 654 694 713 glabra.
722 653 1006 698 Staminodia
1028 659 1211 695 externa
1246 650 1334 694 duo
1373 649 1586 697 obovata:
1627 652 1805 694 interna

281 733 379 782 tria,
441 731 655 774 extimum
708 731 826 774 intus
880 729 1168 777 bicallosum,
1221 726 1339 770 callo
1377 726 1431 770 ad
1462 727 1652 771 alterum
1692 727 1805 770 latus

280 808 421 851 multo
474 807 647 866 majore
711 811 754 849 et
800 806 918 849 intus
954 804 1237 865 porrigente,
1279 817 1410 863 supra
1449 803 1613 846 callum
1649 802 1803 863 paullo

279 884 562 941 elongatunu
587 882 908 927 staminodium
936 882 1145 925 intimum
1183 880 1475 930 cucullatum,
1517 880 1573 924 ad
1609 880 1802 924 alterum

281 961 394 1004 latus
423 960 629 1003 auricula
665 973 834 1016 magna
872 956 1046 1001 deflexa
1081 958 1369 1001 instructum.
1411 956 1595 1000 stamen
1633 956 1800 1000 fertile:

281 1035 519 1096 Appendix
540 1034 804 1096 petaloidea
826 1049 982 1095 parva,
1024 1048 1159 1094 quam
1196 1032 1387 1076 anthera
1422 1032 1565 1075 multo
1601 1031 1800 1082 brevius,

280 1113 514 1156 filamento
570 1127 710 1170 usque
764 1109 820 1154 ad
872 1110 1109 1154 autheram
1168 1108 1350 1158 adnata;
1415 1108 1605 1151 anthera
1640 1109 1801 1153 libera.

283 1190 480 1233 Gerrnen
518 1187 822 1237 uniloculare,
863 1186 1196 1235 uniovulatuni,
1239 1185 1529 1244 corpusculo,
1570 1185 1804 1245 placenta-

281 1267 348 1309 rio
386 1266 674 1309 instructum.
736 1264 863 1306 Haec
917 1262 1092 1323 species
1140 1259 1370 1321 pulchella
1405 1268 1592 1320 propter
1626 1261 1804 1305 caulem

282 1341 657 1388 ramosissimum.
698 1338 810 1382 folia
846 1352 986 1398 parva
1022 1343 1068 1380 et
1098 1336 1290 1393 vaginas
1327 1335 1808 1397 dilatato-complana-

283 1424 349 1461 tas
390 1417 539 1479 primo
577 1415 795 1476 adspectu
833 1414 1130 1472 dignoscitur.

350 1530 428 1573 13.
469 1529 528 1571 Μ.
569 1526 768 1570 bicolor
801 1524 899 1568 Ker.
930 1525 1018 1567 Boi.
1051 1526 1157 1581 Reg.
1188 1524 1264 1574 10,
1294 1523 1373 1566 tab.
1408 1522 1514 1566 786.
1549 1523 1671 1565 Rosa.
1704 1522 1802 1565 Scit.

283 1608 362 1650 tab.
405 1605 482 1649 32.
522 1604 649 1646 Lodd.
681 1602 771 1645 Bot.
809 1601 909 1645 Cab.
944 1602 1023 1644 tab.
1056 1600 1163 1644 921.

347 1714 488 1757 Thalia
515 1712 688 1754 colorata
714 1710 907 1754 Arrabida
931 1710 995 1752 Fl.
1030 1710 1164 1752 Flum.
1196 1709 1241 1760 1,
1272 1708 1352 1752 tab.
1385 1709 1460 1751 16.

346 1825 486 1868 Thalia
531 1823 689 1865 bicolor
708 1820 753 1865 C.
780 1820 890 1863 Koch
926 1821 964 1863 in
1002 1821 1114 1863 Berl.
1161 1820 1274 1876 Allg.
1323 1818 1422 1862 Gtzt.
1465 1818 1605 1870 1857,
1648 1818 1736 1861 145
1775 1826 1811 1860 et

288 1902 379 1946 146
418 1899 494 1960 (¹)

349 2008 589 2065 Goeppcrtia
608 2007 766 2049 bicolor
784 2006 890 2049 Nces
914 2006 962 2049 ab
983 2005 1214 2048 Esenbeck.
1238 2006 1277 2047 in
1297 2004 1415 2046 Linn;
1440 2003 1482 2046 6.
1507 2001 1682 2061 (1831),
1698 2002 1806 2045 337.

352 2121 540 2167 Calathca
566 2119 724 2162 bicolor
748 2117 914 2162 Steudel
941 2118 1154 2161 Nomcncl.

356 2233 462 2274 Var.
492 2225 520 2290 β
545 2228 689 2272 minor
711 2227 840 2270 Lodd.
871 2227 959 2270 Bot.
992 2226 1089 2270 Cab.
1121 2227 1200 2270 tab.
1234 2224 1375 2268 1924.

351 2329 547 2375 Brasilz'a
571 2328 640 2384 leg
668 2325 781 2370 Scllo
812 2324 954 2385 (Herb.
984 2323 1169 2384 Berol.)‚
1215 2323 1374 2368 Schiich
1402 2338 1442 2366 n.
1474 2323 1564 2367 113
1603 2330 1640 2366 et
1677 2321 1814 2366 Schott

292 2407 440 2467 (Herb.
465 2402 681 2463 Vindob.);
705 2403 892 2459 Freyrcis
918 2386 1058 2462 (Hcrb.
1079 2400 1259 2461 Holm.).
1290 2403 1420 2458 Prope
1446 2401 1518 2443 Rio
1542 2400 1702 2444 Janeiro
1725 2400 1811 2456 leg.

288 2559 334 2599 (¹)
362 2558 413 2590 Cl.
441 2557 619 2589 Steudner
641 2557 675 2586 in
697 2564 819 2587 enum.
848 2554 1075 2590 Thaliarum,
1108 2563 1200 2594 quae
1229 2554 1264 2583 in
1293 2553 1400 2584 horto
1432 2551 1661 2583 Berolinensi
1691 2550 1816 2582 colun-

366 2621 438 2653 tur,
455 2616 498 2647 de
513 2617 580 2646 hac
597 2614 718 2654 specie
742 2614 839 2652 silet,
860 2617 1083 2654 quapropter
1102 2604 1242 2649 nescio,
1264 2621 1360 2643 nunc
1381 2611 1426 2642 cl.
1447 2611 1580 2642 Kochii
1603 2610 1818 2642 sententiam

374 2684 445 2709 uon
466 2673 772 2713 comprobaverit,
797 2681 840 2704 an
864 2666 1023 2712 speciem
1046 2673 1138 2704 hanc
1160 2671 1351 2703 florentem
1372 2679 1443 2702 non
1473 2670 1615 2701 viderit.
