1962 3080
922 140 1010 193 131

273 262 518 323 Praeterea
551 260 749 322 suppetit
784 260 908 321 spica
946 258 1251 320 pedunculala
1294 259 1491 306 bracteis
1528 265 1573 305 et
1608 260 1729 304 foliis

205 330 299 401 jam
337 356 363 384 a
399 340 456 384 cl.
495 336 628 383 Rich.
669 335 988 394 Schomburgk
1023 336 1142 380 lecta
1179 342 1268 381 eta
1296 336 1354 380 cl.
1394 336 1610 381 Klotzsch
1645 352 1729 398 pro

210 415 260 459 C.
301 410 866 473 latifolia'pronunciala‚
908 426 1024 471 quae
1085 411 1217 472 hujus
1277 411 1448 472 speciei
1500 427 1594 456 non
1631 427 1729 456 esse

209 491 321 535 mihi
355 489 548 534 videtur.
587 487 784 532 Alterius
820 488 957 532 etiam
1018 487 1282 548 speciminis
1318 502 1344 531 a
1380 487 1438 531 cl.
1478 488 1638 532 Moritz
1674 487 1731 531 ad

208 567 344 611 Porto
383 564 570 609 Cabello
607 571 652 609 et
686 564 908 609 Valencia
947 564 1051 607 lecti
1090 563 1216 624 spica
1242 562 1425 623 quidem
1448 562 1503 606 ad
1527 563 1727 623 speciem

210 641 524 687 Willdenowii
576 640 792 701 pertinet,
832 640 991 684 folium
1045 646 1198 683 lamen
1253 638 1497 700 discrepat.
1537 639 1727 690 Vereor,

211 732 269 760 ne
305 715 457 776 plures
493 715 671 776 species
707 715 752 758 in
788 713 929 758 Herb.
972 713 1122 758 Berol.
1180 713 1260 757 sub
1305 713 1491 757 nomine
1546 712 1731 758 laudato

210 792 484 837 commixtae
521 792 625 837 sint.

275 909 353 952 30.
396 906 442 952 C.
482 907 707 952 zebrz’na
742 907 876 951 Lindl.
917 906 1006 950 Bot.
1047 907 1152 964 Reg.
1193 908 1241 951 ad
1278 907 1359 951 tab.
1402 908 1524 952 1210
1551 908 1589 951 in
1609 914 1732 952 textu.

211 984 309 1042 Rgl.
350 982 446 1029 Gtfl.
487 985 512 1029 5
552 981 718 1044 (1856)
755 983 836 1027 tab.
875 982 984 1027 167.

272 1092 448 1136 Maranta
483 1092 642 1136 zebrina
680 1090 787 1135 Sinis
825 1091 914 1134 ssot.
954 1091 1061 1148 Mag.
1087 1092 1165 1143 llll,
1206 1093 1286 1138 tab.
1314 1092 1455 1142 1926.
1499 1093 1584 1137 1301.
1627 1093 1731 1148 Reg.

210 1169 291 1213 tab.
332 1168 443 1213 385.
482 1167 606 1211 Lodd.
652 1166 740 1210 Boi.
783 1165 882 1211 Cab.
923 1166 1031 1210 494.

274 1280 328 1324 Μ.
367 1280 525 1324 bicolor
558 1278 753 1323 Arrabida
788 1278 852 1322 Fl.
892 1279 1025 1322 Flum.
1068 1278 1112 1329 1,
1152 1279 1231 1322 tab.
1275 1279 1318 1323 7.
1360 1279 1455 1339 (uec
1491 1278 1629 1337 Ker.).

277 1389 490 1445 Phrynium
526 1388 681 1432 bicolor
714 1387 744 1431 C
801 1386 910 1430 Koch
946 1387 984 1430 in
1021 1386 1134 1430 Berl.
1174 1386 1289 1444 Allg.
1332 1386 1432 1430 Gtzt.
1455 1387 1598 1439 1857,
1624 1389 1733 1431 147.

279 1497 516 1556 Goeppertia
551 1497 712 1541 zebrina
746 1497 853 1541 Nees
889 1497 928 1541 in
964 1498 1078 1541 Lino.
1123 1498 1147 1540 6
1189 1496 1375 1558 (1831),
1415 1498 1524 1543 337.

277 1621 361 1652 var.
403 1603 429 1652 Β
467 1606 692 1651 humilior.

277 1719 455 1764 Maranta
507 1719 714 1776 pulchella
765 1718 881 1761 Lind.
921 1719 959 1762 in
996 1720 1096 1762 hort.
1138 1719 1185 1764 C.
1226 1719 1335 1763 Koch
1372 1721 1410 1764 in
1448 1720 1561 1764 Berl.
1624 1721 1735 1779 Allg.

218 1793 323 1840 Gtzt.
364 1794 507 1846 1857,
549 1793 638 1836 149
676 1800 713 1837 et
749 1793 857 1838 243.
899 1793 1041 1847 1858,
1084 1796 1193 1840 125.

282 1905 496 1951 Brasilz'a.
537 1904 605 1964 (V.
644 1921 708 1963 sp.
749 1908 855 1951 culta
891 1907 928 1951 in
964 1907 1065 1951 hort.
1107 1914 1144 1951 et
1177 1909 1290 1952 herb.
1331 1907 1539 1967 diversis).

286 2030 364 2074 31.
408 2030 451 2074 C.
491 2032 696 2074 aemula
731 2029 875 2074 che.

285 2133 502 2184 Bracteis,
543 2134 743 2195 petiolis,
774 2134 956 2179 laminis
991 2134 1145 2180 subtus
1180 2135 1446 2183 brevissime
1484 2140 1733 2200 puberulis;

222 2208 292 2253 his
345 2208 556 2269 ellipticis
610 2210 899 2260 acuininatis;
946 2211 1216 2272 pedunculis
1268 2213 1499 2260 hasalibus
1552 2217 1738 2275 glabris;

222 2284 418 2328 bracteis
469 2284 686 2329 latissime
736 2285 962 2338 obovafis,
1005 2303 1057 2331 ex
1094 2289 1225 2350 apice
1265 2289 1556 2338 obtusissimo
1593 2293 1743 2339 brevi-

224 2366 295 2405 ter
329 2359 490 2404 acutis.

289 2472 512 2516 Brasilz'cz:
551 2473 657 2516 Inter
693 2474 862 2533 Campos
890 2476 1106 2520 etViltoria
1130 2477 1214 2534 leg.
1246 2477 1360 2522 Sello
1393 2478 1532 2538 (Herb.
1559 2482 1739 2543 Be1·ol.).

289 2584 448 2628 Planta
486 2581 647 2643 ³s⁴”··1
688 2585 936 2644 pollicaris.
979 2586 1160 2632 Radicis
1196 2588 1338 2633 fibrae
1374 2590 1583 2637 villosae.
1629 2593 1744 2638 Cau-

226 2661 280 2706 lis
314 2659 547 2722 perbrevis
605 2660 734 2705 Folia
769 2662 948 2719 vaginis
985 2663 1178 2724 aphyllis
1216 2664 1387 2711 obtusis
1424 2672 1465 2711 et
1504 2669 1744 2729 apiculalis

1491 2744 1541 2788 9*
