1962 3080
1040 160 1104 211 4ss

308 281 477 325 lamina
533 285 668 324 ovata
722 278 794 323 vel
848 278 893 321 in
940 278 1059 323 soliis
1097 279 1406 340 superioribus
1443 280 1827 340 ovato-oblonga,

310 357 448 413 longe
469 355 729 399 acuminata
751 359 795 397 et
819 352 1018 398 breviter
1053 356 1388 406 mucronulata,
1432 355 1528 399 basi
1567 357 1831 401 rotundato-

310 431 487 482 obtusa,
545 431 750 488 margine
805 429 1008 473 ciliolata
1057 437 1101 473 et
1134 446 1289 475 versus
1326 432 1505 492 apicem
1545 431 1832 476 flavescenti-

307 508 468 553 villosa
523 522 657 568 supra
709 505 763 549 ad
817 511 989 549 costam
1042 506 1240 550 mediam
1293 508 1591 568 pubescentia
1629 514 1830 552 ceterum

308 582 482 641 glabra,
513 582 560 626 in
604 582 726 625 sicco
764 579 1290 633 tenui-membranacea,
1331 597 1471 641 usque
1509 581 1598 641 2¹72
1640 583 1832 644 pollices

309 657 450 714 longa
476 660 521 698 et
558 650 642 720 172
683 652 875 712 pollices
913 651 1020 695 lata.
1062 651 1226 711 Spicae
1263 652 1617 713 pedunculatae,
1658 653 1833 715 pedun-

309 732 412 777 culo
438 729 770 775 unilateraliter
805 728 952 789 piloso
991 743 1131 787 usque
1170 726 1257 786 7¹12
1298 729 1525 788 pollicari,
1567 746 1591 774 e
1635 729 1832 774 bracteis

310 806 483 851 duabus
543 804 828 865 compositae
885 804 955 847 vel
1017 803 1378 850 unibracteatae.
1443 804 1600 849 rbacbi
1654 805 1828 863 glabra.

310 885 528 926 Bracteae
551 881 803 938 oblongae,
832 879 1038 931 obtusae,
1080 879 1345 924 brevissime
1385 881 1659 940 apiculatae‚
1701 881 1831 942 apice

308 959 471 1002 leviter
521 955 771 1017 puberulae
815 960 1017 997 ceterum
1055 953 1260 1012 glabrae,
1303 954 1462 998 rliaclii
1501 970 1762 1015 appressae,
1808 963 1822 998 1

312 1033 559 1094 pollicares
600 1030 672 1074 vel
715 1029 869 1089 paullo
908 1028 1157 1080 breviores,
1199 1029 1485 1090 pedunculos
1527 1031 1650 1072 1—--4
1686 1029 1832 1074 invol-

312 1115 488 1153 ventes.
514 1107 671 1150 Flores
692 1105 784 1149 bini
813 1104 1073 1165 pedunculo
1110 1106 1341 1149 communi
1381 1104 1540 1163 glabro
1568 1105 1833 1165 plerumque

312 1196 447 1241 quam
515 1179 700 1223 bractea
754 1178 909 1239 paullo
963 1177 1174 1222 breviore
1228 1186 1407 1221 arrecto
1462 1179 1618 1221 9—102
1674 1178 1831 1222 lineari

313 1256 578 1306 insidentes,
643 1254 758 1298 alter
823 1252 1087 1298 brevissime
1146 1252 1261 1296 alter
1320 1252 1455 1310 longe
1516 1251 1830 1313 pedicellatus,

312 1330 541 1392 pedicello
612 1328 824 1386 longiore
897 1326 1129 1370 bracteam
1205 1332 1446 1387 superante
1500 1324 1549 1369 4¹
1575 1363 1588 1384 ,Ζ
1653 1327 1830 1370 lineari.

312 1406 477 1467 Sepala
531 1402 1078 1465 spathulato—oblonga‚
1138 1401 1315 1452 obtusa,
1374 1401 1549 1459 glabra,
1610 1402 1835 1445 membra-

313 1498 475 1534 nacea,
499 1480 981 1526 viridi-suscescentia.
1028 1480 1176 1524 Tubus
1214 1479 1416 1523 corollae
1454 1478 1628 1536 glaber,
1670 1479 1835 1539 sepalis

314 1559 515 1603 brevior.
539 1557 692 1601 Petala
720 1556 941 1614 oblonga,
973 1555 1133 1599 obtusa
1172 1562 1216 1599 et
1252 1555 1496 1604 cucullata,
1539 1570 1639 1598 cuin
1679 1554 1833 1598 stami-

312 1634 463 1680 nodiis
515 1632 690 1692 glabra,
748 1623 971 1676 subtiliter
1027 1631 1505 1676 brunneo-inaculata.
1550 1630 1832 1675 Staminodia

315 1716 500 1754 externa
527 1707 616 1751 duo
645 1706 858 1757 obovma,
899 1705 1333 1751 rotundato-obtusa
1372 1711 1416 1749 et
1449 1711 1615 1755 retusa,
1656 1704 1834 1748 labelli-

314 1784 495 1834 forma,
521 1780 712 1826 alterum
749 1796 908 1841 parum
945 1781 1110 1824 minus.
1152 1779 1437 1824 Staminodia
1474 1780 1650 1822 interna
1690 1778 1833 1821 multo

315 1861 513 1910 minora,
571 1874 672 1902 cum
726 1857 921 1902 stamine
959 1857 1093 1901 fertili
1131 1857 1235 1906 tria;
1293 1857 1507 1900 extimum
1562 1870 1705 1914 aeque
1744 1854 1835 1897 cal-

314 1934 479 1984 losum,
511 1932 798 1982 latissimum,
829 1930 1055 1980 obtusum,
1088 1930 1636 1991 purpureo-maculatum.
1672 1927 1836 1972 Stami-

317 2007 507 2052 nodium
560 2006 768 2050 intimum
823 2005 1098 2049 cucullatum
1154 2004 1208 2047 ail
1252 2004 1442 2047 alterum
1483 2003 1595 2047 latus
1630 2002 1832 2045 auricula

318 2080 492 2126 deflexa
518 2081 803 2130 instructum,
846 2078 1394 2140 purpureo—maculatum.
1443 2077 1628 2121 Starnen
1665 2075 1832 2119 fertile:

318 2157 520 2204 Anthera
555 2156 715 2207 libera,
758 2155 1011 2216 appendice
1049 2153 1310 2215 petaloidea
1346 2168 1567 2214 perparva
1602 2152 1836 2196 [ilamento

317 2246 459 2292 usque
481 2229 537 2273 ad
556 2228 791 2273 antheram
815 2228 996 2272 adnata.
1023 2229 1220 2272 Germen
1244 2226 1469 2285 glabrum,
1496 2226 1830 2273 uniovulatum,

318 2303 592 2365 corpusculo
613 2302 896 2363 placentario
917 2302 1200 2345 instructum.
1227 2301 1375 2360 Stylus
1403 2300 1631 2344 incurvus.
1662 2297 1835 2356 Stigma

320 2383 594 2423 truncatum.
650 2375 800 2419 Primo
853 2375 1018 2418 intuitu
1058 2389 1145 2418 nec
1187 2374 1420 2417 Marantae
1458 2371 1663 2415 Tonckat
1697 2369 1830 2414 Aubl.

322 2467 409 2496 nec
445 2451 504 2495 M.
536 2449 700 2509 gibbae
738 2449 831 2494 Sm.
872 2448 1107 2493 absimilis.
1148 2446 1214 2492 Ab
1252 2447 1330 2491 illa
1366 2446 1515 2490 statim
1555 2444 1836 2503 dignoscitur

325 2527 451 2588 spica
509 2525 896 2587 paucibracteata,
962 2524 1157 2568 bracteis
1218 2524 1422 2573 arrectis,
1478 2522 1642 2582 sepalis
1694 2519 1836 2563 multo

326 2599 665 2659 angustioribus
690 2599 955 2661 spathulatis
982 2596 1088 2657 (nec
1126 2596 1308 2655 ovans),
1349 2596 1458 2640 tubo
1496 2594 1701 2640 corollae
1737 2592 1838 2636 lon-

326 2676 474 2735 giore.
523 2677 559 2719 A
592 2676 651 2719 M.
692 2674 828 2734 gibba
866 2674 958 2719 Sm.
1000 2672 1150 2718 differt
1186 2673 1400 2717 soliorum
1435 2670 1684 2733 pilositate,
1731 2666 1839 2711 tubo
