1962 3080
1049 161 1113 213 86

324 281 525 322 stationem
549 280 755 323 Victoriam
775 281 986 323 Decembri
1013 280 1101 322 llos.
1128 282 1213 336 leg.
1237 280 1411 336 Kapplei·
1434 293 1473 321 n.
1503 279 1640 323 1335.
1682 278 1827 337 (llerb.

335 354 444 396 llort.
488 355 646 412 Pctrop.
688 355 854 398 Vindob.
897 361 933 397 et
967 356 1311 414 Turczaninow.).

393 435 523 479 Folia
560 437 766 488 disticha,
805 438 943 496 longe
987 439 1221 498 petiolala,
1262 439 1457 498 potiolus
1494 439 1659 497 vagina
1695 438 1834 495 longa

331 512 434 551 6-
462 513 520 553 14
554 511 763 571 pollicari
817 511 946 571 apice
1000 512 1118 555 intus
1169 526 1380 571 appresso
1419 517 1462 554 et
1505 511 1642 555 ‹lense
1695 509 1836 570 pube-

330 590 483 626 scente
536 583 886 628 membranacea
942 585 1199 635 instructus,
1240 586 1341 644 pilis
1377 585 1581 644 rigidulis
1629 583 1839 628 brevibus

332 659 598 717 praesertim
651 659 826 703 inferne
874 675 1160 713 conspersus,
1202 675 1340 718 usque
1377 661 1404 703 2
1441 660 1633 720 pedalis;
1672 659 1840 702 lamina

336 731 797 793 elongato-elliptica‚
839 733 895 777 ad
930 734 1108 794 apicem
1167 748 1300 793 supra
1351 733 1604 794 pubescens
1641 741 1841 778 celerum

334 805 491 863 glabra
528 808 600 851 vel
653 809 822 852 ciliata.
866 808 1014 853 Caulis
1070 807 1258 867 (ramus)
1313 809 1567 866 elongatus,
1609 808 1739 868 apice
1777 806 1843 849 fo-

335 882 441 925 lium
464 883 911 928 etinflorescentiam
949 884 1201 945 proferens,
1236 884 1337 944 pilis
1372 883 1577 941 rigidulis
1614 883 1708 926 basi
1745 882 1842 925 bul-

336 954 455 1000 bosis
514 958 736 1017 appressis
773 957 1026 1018 pubescens
1061 957 1133 1001 vel
1168 957 1414 1017 puberulus
1448 957 1522 1000 vel
1558 956 1729 1015 glaber,
1772 970 1842 998 us—

334 1045 420 1088 que
456 1033 516 1074 27
537 1031 783 1091 pollicaris.
826 1032 988 1092 Spicae
1027 1032 1080 1076 ad
1118 1032 1308 1076 rhaches
1343 1033 1389 1075 in
1414 1031 1581 1089 vagina
1614 1029 1712 1074 solii
1750 1029 1845 1089 api-

337 1104 446 1147 calis
482 1119 562 1163 per
597 1106 625 1147 2
662 1105 733 1148 vel
769 1105 919 1165 plures
955 1106 1231 1150 fasciculatis
1266 1106 1460 1155 sessiles,
1507 1119 1647 1164 usque
1685 1105 1711 1147 8
1747 1102 1845 1162 pol-

337 1178 515 1229 licares,
542 1194 677 1239 saepe
715 1180 856 1224 multo
894 1180 1142 1224 breviores.
1182 1181 1399 1223 Bracteae
1439 1180 1685 1237 oblongae,
1718 1177 1845 1221 obtu-

338 1264 414 1293 sae
451 1250 523 1293 vel
560 1252 885 1302 acutiusculae,
927 1252 1112 1310 glabrae
1165 1252 1237 1295 vel
1291 1252 1556 1312 praesertim
1609 1250 1848 1294 inferiores

339 1322 603 1383 puberulae,
644 1324 1145 1385 rigido-pergamenae,
1179 1325 1429 1375 involutae,
1470 1325 1515 1367 in
1552 1325 1674 1368 sicco
1710 1322 1852 1366 ssave-

340 1405 533 1443 scentes.
588 1400 753 1461 Sepala
810 1400 1217 1460 lineari-oblonga,
1283 1400 1443 1444 obtusa
1494 1400 1566 1443 vel
1623 1398 1848 1443 interdum

342 1476 642 1533 emarginata‚
683 1476 857 1534 glabra,
898 1477 1055 1534 longa.
1097 1476 1280 1520 Corolla
1317 1482 1360 1519 et
1394 1475 1666 1520 staminodia
1700 1475 1747 1518 in
1782 1481 1849 1517 tu—

342 1547 447 1591 bum
485 1556 722 1608 angustum
760 1551 915 1610 calyce
952 1551 1095 1595 multo
1145 1551 1405 1608 longiorem
1443 1556 1656 1594 connata.
1697 1548 1852 1592 Petala

344 1622 544 1682 oblonga
580 1625 652 1669 vel
705 1623 1149 1683 obovato-oblonga,
1192 1624 1368 1675 obtusa,
1410 1625 1582 1683 glabra.
1625 1623 1852 1667 Stamino-

343 1698 463 1742 dium
504 1706 735 1743 externum
774 1715 909 1743 unum
947 1700 1267 1748 lato-ovatum,
1300 1699 1653 1748 obtusissimum,
1692 1697 1854 1740 leviter

342 1778 559 1816 retusum.
619 1773 903 1817 Staminodia
962 1774 1141 1816 interna
1194 1787 1294 1816 cum
1348 1772 1538 1815 stamine
1574 1770 1711 1814 fertili
1750 1770 1850 1816 tria;

343 1849 556 1892 extimum
611 1849 846 1900 callosum,
899 1848 1446 1910 spathulalo-obovatum,
1487 1845 1854 1890 truncato-obtu-

343 1937 456 1973 sum,
499 1922 554 1965 ad
591 1923 781 1967 alterum
826 1922 940 1966 latus
977 1923 1095 1966 callo
1133 1922 1421 1983 prominente
1459 1921 1742 1969 instructum,
1784 1933 1855 1962 su—

341 2010 421 2055 pra
473 1997 639 2040 callum
694 1997 975 2055 elongamm;
1017 1994 1340 2040 staminodium
1394 1995 1602 2037 intimum
1655 1991 1855 2036 cuculla-

343 2078 451 2122 tum,
507 2072 660 2133 priore
715 2072 911 2123 brevius,
953 2072 1008 2115 ad
1044 2072 1233 2115 alterum
1270 2070 1385 2113 lalus
1423 2069 1627 2113 auricula
1680 2082 1854 2112 sursum

342 2155 525 2193 curvata
577 2149 861 2193 instructum.
921 2149 1104 2192 Stamen
1158 2147 1328 2191 fertile:
1377 2146 1566 2190 anthera
1603 2144 1848 2195 sublibera,

342 2221 595 2282 appendice
633 2220 893 2282 petaloidea
912 2236 1052 2280 usque
1091 2219 1245 2280 paullo
1283 2234 1415 2279 supra
1452 2218 1594 2261 basim
1632 2216 1851 2260 antherae

346 2296 580 2340 filamento
630 2295 795 2344 adnata
848 2294 1000 2354 ibique
1057 2299 1261 2337 truncata
1303 2294 1454 2352 itaque
1492 2307 1627 2352 quam
1664 2290 1854 2334 anthera

347 2372 488 2416 multo
526 2371 733 2420 breviore
771 2376 962 2430 angusta
1022 2370 1168 2430 Stylus
1207 2369 1386 2413 demum
1423 2370 1651 2420 incurvus,
1690 2374 1857 2412 stoma-

348 2455 390 2492 te
428 2455 654 2497 truncato,
714 2448 910 2496 Germen
961 2446 1228 2504 oblongum,
1269 2461 1422 2490 versus
1476 2446 1654 2506 apicem
1697 2443 1860 2487 veluti-

349 2540 473 2576 num,
514 2524 690 2573 inferne
728 2523 950 2583 glabrum,
981 2523 1284 2573 uniloculare,
1310 2522 1640 2566 uniovulatum.
1668 2546 1724 2553 --
1749 2519 1859 2579 Spe-

348 2602 517 2646 cimina
571 2601 910 2653 Surinamensia
947 2616 970 2650 a
1008 2600 1191 2659 reliquis
1245 2598 1457 2650 differunt
1492 2598 1613 2646 soliis
1648 2596 1855 2655 margine

351 2675 530 2726 ciliatis,
