1962 3080
1021 175 1117 226 100

303 295 519 351 oblonga,
572 293 749 344 obtusa,
790 292 920 354 apice
958 293 1200 344 cucullata,
1241 293 1415 351 glabra,
1457 308 1684 354 purpureo
1722 310 1816 339 ma-

300 369 468 412 culata.
526 366 809 412 Staminodia
863 372 1047 410 externa
1101 367 1241 410 nulla.
1301 367 1586 411 Staminodia
1638 368 1814 413 interna

257 432 261 436 ⁴
302 457 402 486 cum
456 442 648 486 stamine
700 440 834 485 fertili
893 441 993 491 tria3
1033 441 1247 484 extimum
1284 442 1503 486 callosum
1541 442 1820 502 subquadra-

302 522 412 566 tum,
470 514 824 565 obtusissimum,
867 513 922 557 ad
959 513 1150 557 alterum
1187 515 1301 559 latus
1338 516 1455 560 callo
1493 530 1661 573 magno
1699 516 1817 559 intus

303 591 565 651 porrigente
619 591 904 640 instructum,
961 604 1093 650 supra
1141 590 1305 633 callum
1342 592 1495 650 paullo
1534 592 1815 649 elongatum.

304 667 636 712 Staminodium
671 667 879 711 intimum
915 666 979 710 illi
1014 666 1299 724 longitudine
1336 667 1630 729 subaequale‚
1661 667 1816 712 cucul-

305 745 460 796 latum,
500 744 553 788 ad
591 744 782 788 alterum
819 744 934 787 latus
971 743 1173 786 auricula
1199 742 1504 787 descendente
1532 745 1817 789 instructum.

304 821 488 866 stamen
525 821 689 865 fertile.
731 820 932 864 Anthera
958 819 1101 863 libera
1128 819 1372 879 apiculam,
1411 820 1665 880 appendice
1691 826 1820 881 peta—

302 897 453 942 loidea
507 897 740 941 filamento
794 911 935 955 usque
979 895 1036 939 ad
1078 895 1296 939 antherae
1334 895 1477 939 basim
1515 896 1697 948 adnata,
1738 896 1818 941 ob-

304 975 458 1031 longa,
500 972 677 1023 obtusa,
719 971 957 1015 antheram
994 971 1148 1032 paullo
1185 978 1445 1032 superante.
1487 974 1679 1016 tiernlen
1723 973 1820 1031 gla-

303 1049 547 1093 berrimum
587 1048 887 1096 uniloculare,
948 1047 1279 1097 uniovulatum,
1322 1048 1595 1107 corpusculo
1633 1048 1819 1108 placen-

302 1125 418 1168 tario
473 1125 755 1168 instructum.
803 1123 950 1183 Stylus
992 1123 1218 1167 incurvus.
1262 1123 1437 1181 Stigma
1475 1129 1812 1167 truncatum.-

303 1201 340 1242 A
391 1191 726 1258 Marantopside
778 1198 900 1241 lutea
952 1197 1095 1241 che.
1144 1198 1290 1257 primo
1336 1198 1499 1241 intuitu
1535 1197 1818 1255 dignoscitur

303 1275 643 1320 inflorescentia
679 1275 868 1324 laxiore,
908 1274 1104 1318 bracteis
1131 1281 1175 1317 et
1200 1274 1321 1317 foliis
1347 1274 1615 1325 minoribus,
1652 1272 1815 1318 florum

304 1351 570 1411 pedunculis
608 1349 933 1410 pedicellisque
969 1349 1256 1407 longioribus
1299 1356 1343 1393 et
1368 1349 1702 1407 gracilioribus.
1734 1349 1817 1393 Ce-

303 1433 449 1470 terum
485 1442 541 1469 ne
577 1426 808 1469 Marantae
847 1424 972 1469 affini
1027 1425 1169 1469 che.
1227 1425 1407 1484 quiden]
1463 1425 1697 1472 absimilis,
1739 1424 1815 1467 sed

306 1508 483 1564 praeter
519 1502 793 1546 staminodia
832 1508 1016 1545 externa
1065 1501 1185 1545 nulla
1239 1501 1444 1560 germine
1499 1500 1657 1559 glabro
1713 1502 1817 1553 (nec

305 1577 488 1637 villoso)
538 1577 765 1623 distincta.

505 1720 807 1781 PHRYNIUM
842 1720 1000 1765 wind.
1042 1736 1107 1781 sp.
1149 1721 1209 1781 pi.
1256 1723 1296 1769 1,
1342 1722 1396 1763 17
1435 1719 1618 1777 (1797).

369 1852 653 1898 Staminodia
706 1857 889 1895 externa
944 1850 1051 1899 duo;
1092 1850 1351 1894 staminodii
1404 1850 1548 1893 intimi
1602 1850 1814 1894 cucullati

304 1929 508 1974 auricula
545 1928 751 1988 simplex;
792 1927 980 1971 anthera
1017 1942 1158 1987 usque
1196 1926 1251 1970 ad
1288 1927 1465 1986 apicem
1504 1941 1604 1969 cum
1643 1941 1814 1986 appen-

305 2005 404 2048 dice
440 2003 701 2065 petaloidea
738 2009 953 2053 connata3
993 2017 1182 2061 germen
1218 2001 1479 2046 triloculare
1517 2001 1580 2047 tin
1614 2001 1810 2060 Phrynio

306 2077 548 2142 parvifloro
596 2078 739 2123 Roxh.
781 2079 879 2123 solo
933 2079 1234 2129 uniloculare,
1274 2077 1606 2128 uniovulatum‚
1649 2092 1812 2137 corpu-

304 2157 430 2202 sculo
484 2155 766 2218 placentario
816 2156 1124 2213 instructum);
1164 2154 1338 2199 semina
1381 2159 1532 2204 ovata,
1574 2153 1705 2213 apice
1742 2168 1815 2197 ro-

307 2230 509 2280 tundata,
550 2228 686 2273 sulcis
729 2227 1053 2285 irregularibus
1089 2228 1322 2277 instructa,
1364 2226 1622 2277 exafflllosa,
1663 2226 1812 2276 canali

305 2307 470 2369 partito
507 2303 707 2366 partibus
742 2303 878 2347 rectis
912 2303 1030 2347 inter
1066 2318 1164 2362 sese
1203 2301 1498 2362 enibryonem
1547 2302 1812 2362 permitten-

304 2383 436 2427 tibus.
481 2408 537 2414 —
574 2378 915 2424 Inssorescentia
974 2379 1244 2440 composita,
1287 2377 1427 2421 effusa
1465 2378 1536 2422 vel
1574 2383 1813 2438 compacta

305 2463 439 2516 atque
497 2453 769 2516 spiciformis
822 2451 1242 2513 capituliformisve.
1283 2451 1431 2495 Tubus
1486 2451 1689 2494 corollae
1740 2451 1811 2494 vel

306 2535 468 2591 longus
505 2538 549 2576 et
583 2536 816 2589 angustus,
855 2529 927 2574 vel
964 2529 1111 2574 brevis
1143 2535 1185 2572 et
1215 2529 1405 2589 amplus.
1441 2527 1711 2572 Staminodii
1743 2527 1810 2570 in-

305 2608 402 2653 timi
438 2606 652 2652 cucullati
679 2605 879 2650 auricula
905 2610 1040 2655 torta,
1070 2603 1243 2649 deflexa
1265 2604 1335 2648 vel
1361 2603 1674 2648 horizontalis.
1715 2602 1814 2662 Sty-

306 2685 334 2729 li
391 2682 593 2728 stoinatis
646 2680 839 2726 truncati
893 2694 1052 2737 margo
1107 2679 1276 2724 inferus
1333 2693 1490 2739 parum
1548 2677 1810 2738 productus.
