1962 3080
323 263 510 325 hyalino
551 265 861 326 punctulatae,
908 281 1048 326 usque
1097 265 1183 327 774
1235 268 1427 329 pollices
1474 269 1642 328 longae
1690 276 1735 315 et
1780 273 1831 316 11

322 341 466 386 lineas
486 341 622 387 latae.
645 344 864 386 Bracteae
883 342 1074 386 rhaehin
1105 349 1226 388 arcte
1253 345 1554 397 involventes,
1586 345 1833 405 oblongae,

325 416 531 471 obtusae,
598 419 872 480 apiculatae‚
936 419 1139 477 glabrae,
1202 421 1600 473 membranaceae,
1650 421 1835 475 virides,

323 493 505 538 circiter
533 495 842 556 1-pollicares.
882 495 1040 539 Flores
1068 497 1257 554 gemini,
1299 497 1413 541 alter
1437 498 1700 543 brevissime
1727 498 1841 542 alter

321 567 460 627 longe
486 570 834 631 pedunculatus3
876 570 1145 631 pedunculis
1183 579 1227 615 et
1253 574 1569 618 communibus
1605 580 1649 619 et
1673 574 1844 636 partia-

324 642 440 689 libus
478 644 662 703 glabris.
705 646 873 706 Sepala
911 645 1129 703 oblonga,
1172 645 1348 698 obtusa,
1384 646 1647 693 brevissime
1685 649 1843 710 apicu-

323 717 431 769 lata,
473 719 647 778 glabra,
689 735 901 771 nervosa,
937 720 1117 771 viridia,
1159 722 1185 763 5
1213 719 1357 764 lineas
1383 721 1540 780 longa.
1579 722 1728 768 Tubus
1763 738 1842 784 pe-

323 792 414 835 tala
441 793 714 838 staminodia
751 794 871 846 alba,
911 794 1086 853 glabra.
1130 794 1207 838 Ille
1245 794 1411 854 sepalis
1447 796 1600 855 paullo
1638 797 1837 855 longior,

324 868 479 927 paullo
535 876 760 921 curvatus,
818 870 914 915 basi
959 871 1164 928 germine
1200 869 1337 913 latior
1373 877 1417 913 et.
1452 871 1604 931 paullo
1641 870 1838 917 inflatus.

324 942 479 987 Petala
520 943 758 1003 oblonga,
788 944 964 997 obtusa,
1007 945 1137 1005 apice
1176 944 1420 995 cucullata,
1461 944 1637 1002 glabra.
1679 945 1842 990 Stami-

322 1016 460 1060 nodia
516 1026 700 1062 externa
754 1018 859 1070 (luo,
916 1018 1255 1069 labellisormia,
1320 1018 1534 1069 obovata,
1575 1018 1844 1064 rotundato—

325 1091 501 1144 obtusa,
527 1095 838 1152 unguiculata‚
871 1095 1063 1138 alterum
1101 1094 1255 1154 paullo
1293 1094 1443 1145 latius,
1488 1095 1839 1153 emarginatum.

329 1168 613 1213 Staminodia
656 1170 836 1214 interna
874 1186 975 1214 cum
1013 1170 1205 1213 stamine
1242 1169 1379 1213 fertili
1417 1172 1462 1219 3;
1505 1170 1718 1214 extimum
1755 1170 1846 1214 cal-

327 1241 473 1286 losum
512 1259 645 1304 supra
689 1245 854 1288 callum
893 1245 1157 1302 elongatum
1196 1252 1240 1288 et
1274 1244 1580 1304 petaliforme,
1622 1243 1850 1302 oblongo-

329 1315 593 1368 obovatum,
652 1317 1135 1362 rotundato-obtusum
1175 1327 1217 1361 et
1260 1318 1611 1376 emarginatum,
1653 1319 1847 1363 externis

328 1390 642 1448 magnitudine
697 1391 907 1451 aequale,
966 1391 1155 1435 internis
1209 1392 1349 1435 multo
1397 1391 1596 1450 longius3
1637 1392 1846 1436 intimum

330 1464 604 1508 cucullatum
659 1465 714 1508 ad
751 1466 940 1509 alterum
980 1465 1093 1508 latus
1132 1465 1450 1513 auriculatum‚
1515 1465 1719 1508 auricula
1758 1465 1848 1507 lata

329 1538 615 1597 planiuscula
638 1538 964 1583 descendente.
991 1540 1177 1582 &tamen
1201 1539 1364 1582 fertile:
1395 1538 1619 1598 appendix
1641 1538 1846 1581 lilamen-

330 1620 375 1656 to
413 1628 552 1673 usque
590 1614 744 1674 paullo
784 1630 917 1674 supra
957 1613 1098 1657 basim
1127 1613 1347 1657 antherae
1384 1613 1565 1664 adnata,
1596 1614 1703 1665 lata,
1735 1613 1849 1657 obo-

328 1693 450 1738 vata,
482 1688 720 1732 anthcram
772 1689 926 1748 paullo
964 1703 1198 1748 superans.
1241 1688 1389 1748 Stylus
1424 1687 1699 1731 incurvatus.
1741 1688 1851 1731 Ger-

331 1779 437 1807 men
463 1765 710 1823 trigonum,
754 1765 853 1825 pilis
891 1763 1101 1808 brevibus
1138 1771 1261 1807 arcte
1299 1764 1523 1824 appressis
1558 1762 1845 1823 puberulum,

332 1841 634 1891 uniloculare,
676 1840 1008 1888 uniovulatum,
1051 1840 1322 1900 corpusculo
1350 1839 1633 1900 placentario
1659 1839 1851 1882 instruc-

330 1922 441 1959 tum.
501 1916 689 1960 Fructus
725 1916 900 1975 glaber,
959 1931 1323 1976 monospermus.
1382 1916 1547 1960 Semen
1597 1915 1847 1973 trigonum,

330 1987 427 2033 basi
476 1990 697 2049 apic-eque
749 1999 1020 2034 truncatum.
1063 2016 1120 2022 —
1157 1990 1298 2033 Foliis
1351 1989 1552 2047 angustis
1603 2004 1627 2031 a
1665 1988 1761 2032 basi
1797 1987 1854 2031 ad

331 2063 509 2123 apicem
532 2063 699 2107 sensim
727 2063 971 2107 attenuatis
992 2062 1123 2106 valde
1167 2063 1373 2120 insignis,
1416 2077 1500 2105 nec
1539 2077 1630 2105 non
1665 2060 1853 2105 floribus

331 2146 434 2200 post
491 2155 705 2183 occasum
759 2139 865 2183 solis
918 2139 1099 2183 demum
1151 2140 1319 2199 apertis
1357 2147 1401 2182 et
1434 2146 1570 2182 nocte
1606 2137 1853 2198 praeterita

332 2211 578 2257 defloratis.
604 2213 776 2256 Forsan
813 2211 966 2256 affinis
1004 2213 1059 2255 M.
1101 2219 1359 2272 protractae
1397 2213 1528 2271 Miq.,
1568 2226 1592 2253 a
1617 2225 1707 2269 qua
1732 2210 1853 2254 foliis

334 2287 672 2346 angustioribus
701 2287 795 2331 basi
825 2303 913 2331 non
938 2287 1178 2347 protractis
1205 2286 1504 2344 dignoscitur.
1528 2287 1565 2329 A
1589 2285 1646 2328 Μ.
1671 2284 1853 2328 arundi-

336 2380 482 2408 naceo
523 2365 574 2407 L.
618 2371 797 2424 praeter
832 2363 922 2407 alia
957 2362 1107 2407 differt
1152 2362 1273 2407 soliis
1320 2362 1529 2426 glabrisfl
1557 2376 1581 2404 a
1609 2361 1666 2405 M.
1701 2360 1854 2404 indica

334 2441 459 2483 Tuss.
489 2440 610 2484 soliis
637 2440 777 2484 multo
806 2439 1057 2483 minoribus
1094 2448 1138 2482 et
1173 2437 1527 2496 angustioribus,
1570 2437 1624 2480 ab
1663 2443 1850 2496 utraque

333 2516 442 2560 tubo
498 2517 700 2561 corollae
745 2516 1017 2560 rectiusculo
1070 2520 1175 2574 (nec
1212 2513 1784 2573 inllato-subgeniculato)‚
1825 2530 1850 2557 a

336 2594 394 2637 Μ.
435 2592 681 2637 divaricata
717 2593 853 2638 Rosc.
896 2601 939 2635 et
971 2591 1107 2650 gibba
1147 2591 1240 2635 Sm.
1282 2591 1488 2649 germine
1525 2606 1616 2635 non
1653 2591 1852 2635 sericeo-

338 2679 616 2716 tomentoso.
