1962 3080
1012 174 1114 226 114

371 301 584 357 Phrynium
623 298 779 355 Casupo
815 296 937 340 Rose.
980 294 1082 339 Scit.
1122 296 1204 339 tab.
1245 293 1303 339 34
1342 295 1447 338 exel.
1504 307 1648 350 synon.
1690 294 1835 354 (Amor

306 377 465 433 speeies
503 376 602 419 duas
638 377 854 429 sequentes
892 384 979 414 eum
1018 371 1091 414 hae
1128 366 1365 428 conjunxit).
1405 368 1499 425 Miq.
1541 369 1578 411 in
1616 368 1734 412 Linn.
1774 369 1833 412 18

307 448 492 509 (1844),
534 449 610 493 73.
650 446 720 489 Kl.
760 446 798 488 in
832 444 937 488 Rob.
979 443 1262 500 Sehomburgk
1311 443 1423 486 Reis.
1464 443 1500 485 in
1540 441 1641 486 Brit.
1683 441 1827 487 Guian.

307 525 352 574 3,
394 522 502 566 918.

370 619 551 663 Nomen
584 613 882 661 vernaculum
902 613 949 658 in
970 611 1261 658 Venezuela:
1294 611 1472 675 Casupo
1497 612 1630 674 (teste
1650 612 1824 673 Jacq.)‚

308 687 354 737 i'n
390 692 633 737 Surinamo
666 687 938 735 Wariembo
977 685 1110 747 (teste
1146 684 1377 746 Miquel.).

378 793 612 837 Venezuela
653 787 881 850 (Caraeas);
926 786 1104 831 Gaiana
1141 786 1316 843 anylica
1351 799 1423 844 per
1456 794 1575 831 totam
1621 788 1828 845 regionem

307 870 345 911 in
383 869 583 923 sylvarum
619 866 721 909 locis
757 864 931 908 humidis
968 862 1116 906 lucidis
1151 875 1172 905 a
1206 861 1392 905 Januario
1425 875 1552 917 usque
1587 863 1635 906 ad
1670 862 1830 906 ,Iunium

307 941 395 986 flor.
437 940 651 987 Surinam
684 941 724 982 in
761 939 937 983 Osembo
999 949 1109 994 prov.
1168 936 1267 980 Para
1303 937 1342 979 in
1379 937 1503 993 sylvis
1560 937 1733 981 humidis
1765 950 1825 994 pr.

307 1019 364 1074 pl.
406 1015 662 1072 Geyersvlyt.

371 1129 416 1172 2.
460 1125 506 1170 C.
548 1122 796 1178 Casupz‘to
835 1120 885 1166 G.
925 1121 972 1166 F.
1012 1120 1079 1165 W.
1119 1118 1256 1176 Meyer
1308 1119 1451 1163 Prodr.
1489 1119 1555 1163 Fl.
1608 1118 1828 1176 Essequib.

306 1201 381 1246 10.
423 1200 539 1244 Presl
574 1198 707 1253 Reliq.
752 1196 910 1240 Haenk.
952 1195 997 1246 1,
1038 1193 1145 1238 108.

371 1304 562 1350 Calathea
598 1302 817 1347 marantina
853 1300 900 1346 C.
940 1299 1052 1343 Koch
1071 1300 1110 1342 in
1132 1298 1247 1342 Berl.
1269 1298 1385 1355 Allg.
1421 1296 1524 1342 Gtzt.
1549 1296 1824 1349 1857,163.

367 1413 544 1458 Maranta
580 1412 767 1469 Casupito
802 1409 916 1466 Jaeq.
956 1409 1120 1466 Fragm.
1163 1408 1239 1459 51,
1279 1407 1362 1452 tab.
1404 1407 1462 1451 64
1495 1405 1571 1465 flg.
1596 1408 1641 1452 3.
1665 1405 1723 1467 (v.
1747 1406 1826 1466 s.).

372 1525 588 1581 Phrynium
642 1521 906 1566 mar-antinum
957 1519 1103 1564 Willd.
1149 1519 1275 1562 Herb.
1314 1532 1357 1561 n.
1397 1518 1474 1563 35.
1513 1518 1626 1562 che
1661 1519 1699 1561 in
1738 1519 1829 1563 Otto

305 1607 342 1644 et
378 1601 505 1644 Dietr.
545 1598 659 1655 Allg.
701 1596 805 1640 Gtzt.
847 1595 904 1639 23
944 1593 1129 1654 (1855),
1171 1593 1280 1638 193.

367 1707 547 1751 Nomen
583 1701 880 1749 vernaculum
918 1699 1150 1761 Casupito.

373 1815 636 1860 Venezuela:
675 1811 846 1856 Caraeas
884 1812 971 1868 leg.
1008 1797 1284 1865 Bredemeyer
1319 1806 1463 1868 (Ilerb.
1505 1808 1649 1853 Willd.
1676 1815 1713 1852 et
1732 1809 1829 1852 Vin-

305 1891 400 1935 doh.
437 1889 493 1933 ibi
530 1901 576 1931 ex
609 1886 736 1930 Herb.
775 1882 1004 1944 Jacquin.).
1045 1885 1162 1928 Porto
1200 1883 1366 1928 Caballo
1403 1885 1489 1941 leg.
1513 1882 1648 1926 Moritz
1676 1881 1821 1942 (Herb.

302 1962 486 2022 Berol.).
523 1962 566 2005 In
601 1960 823 2016 Quayaquil
860 1965 899 2002 et
932 1959 1083 2002 Mexico
1121 1956 1178 2017 (52)
1215 1964 1317 2002 teste
1354 1956 1510 2014 Presl).

366 2075 436 2119 An
470 2070 640 2134 speciei
677 2067 972 2131 praecedenti
1010 2072 1293 2128 synonyma?

367 2178 412 2222 3.
455 2175 501 2220 C.
545 2175 688 2230 lutea
725 2171 775 2216 G.
814 2172 860 2216 F.
900 2170 968 2215 W.
1006 2171 1143 2227 Meyer
1177 2171 1321 2216 Prodr.
1361 2171 1407 2215 Fl
1466 2170 1685 2227 Essequib.
1727 2169 1802 2215 10.

365 2286 541 2331 Maranta
590 2284 699 2327 lutea
748 2281 872 2325 Aubl.
911 2280 1017 2323 Hist.
1057 2280 1097 2325 d.
1136 2281 1196 2337 pl.
1237 2280 1277 2323 d.
1318 2278 1462 2324 Guian.
1518 2279 1644 2323 franc.
1686 2280 1731 2330 1,
1777 2279 1823 2322 4.

301 2361 415 2406 Lam.
453 2357 624 2413 Eneycl.
665 2355 711 2407 2,
752 2353 859 2399 590.
897 2365 973 2396 nee
1006 2352 1121 2408 Jacq.
1580 2352 1582 2355 ’

365 2462 541 2508 Maranta
576 2459 776 2505 Cachibou
811 2457 925 2514 Jacq.
965 2457 1130 2515 Fragm.
1171 2457 1247 2509 52,
1285 2459 1368 2502 tab.
1409 2457 1467 2502 69
1504 2463 1543 2501 et
1580 2456 1656 2501 70.

363 2571 542 2618 Nomen
575 2567 871 2615 vernaculum
909 2564 1161 2611 Cachihou.

365 2684 536 2730 Insulae
568 2680 753 2726 Antillae
787 2677 1018 2739 (Trinidad)
1055 2685 1093 2722 et
1136 2677 1331 2723 Guiana.
