1962 3080
1008 157 1072 205 96

285 275 364 319 sub
402 275 579 335 apicem
633 274 731 334 plus
768 273 915 317 minus
966 273 1186 333 puberula
1241 280 1442 318 ceterum
1499 273 1791 332 glaberrima,

283 353 329 397 in
365 352 488 396 sicco
542 366 675 412 supra
729 350 919 394 obscure
973 350 1128 395 viridis
1165 350 1319 395 subtus
1361 365 1519 412 parum
1562 351 1790 411 pallidior,

282 425 505 485 5³s4—12
558 425 747 486 pollices
798 423 954 481 longa,
1003 424 1151 467 5-fere
1188 426 1215 468 9
1253 425 1444 485 pollices
1483 425 1587 468 lata.
1630 425 1792 486 Spicae

284 502 758 560 oblongo-lineares,
811 507 996 560 propter
1046 499 1252 544 bracteas
1306 516 1386 561 pro
1422 502 1600 545 ratione
1636 507 1796 546 tenues

281 577 326 620 in
351 576 473 620 sicco
501 589 805 634 compressae,
837 571 1027 631 ΕΗΓ-5
1060 574 1321 633 pollicares,
1353 576 1580 633 geminae,
1622 575 1797 635 pedun-

283 651 386 695 culo
414 650 572 708 glabro
601 649 692 692 basi
722 648 834 692 solio
874 647 1056 691 suffulto
1095 647 1312 707 7--15¹s2
1351 650 1559 710 pollicari
1597 650 1799 694 insiden-

280 732 363 775 tes,
399 724 718 785 pedicellatae,
776 721 1013 783 pedicellis
1050 721 1105 766 ad
1144 722 1286 766 basim
1339 724 1507 781 vagina
1564 725 1794 768 communi

282 800 442 845 obtusa
485 799 641 857 glabra
681 813 875 842 nervosa
922 796 1167 857 lin-[474
1204 799 1412 859 pollicari
1450 800 1664 845 involutis
1701 801 1796 861 ple-

280 891 470 935 rumque
514 873 830 934 inaequalibus
868 873 1036 931 glabris
1073 888 1212 932 usque
1251 874 1278 917 8
1316 874 1623 934 pollicaribus.
1664 876 1796 918 Brac-

278 957 381 993 teae
421 950 508 992 late
563 949 811 1005 oblongae,
870 946 1074 998 obtusae,
1142 946 1346 1005 glabrae,
1405 963 1709 1008 papyraceae,
1751 949 1794 991 in

281 1028 405 1070 sicco
456 1024 772 1074 flavescentes,
815 1024 858 1066 in
894 1024 996 1067 vivo
1053 1022 1185 1081 (teste
1239 1023 1471 1083 Riedelio)
1518 1039 1790 1083 purpureae,

282 1103 439 1146 8—12
486 1100 748 1161 pollicares‚
789 1097 924 1142 flores
960 1101 987 1143 6
1023 1100 1096 1143 vel
1132 1100 1282 1160 plures
1320 1100 1605 1143 involventes
1661 1101 1795 1144 Brac-

281 1178 431 1222 teolae
458 1176 759 1224 naviculares,
792 1175 997 1225 obtusae,
1030 1175 1232 1233 glabrae.
1267 1175 1423 1218 Flores
1460 1175 1650 1233 gemini,
1691 1189 1794 1233 ger-

281 1253 404 1297 mine
444 1256 633 1310 excepto
673 1249 834 1307 glabri,
879 1249 1042 1309 sepalis
1080 1248 1454 1308 staminodiisque
1494 1249 1693 1308 exceptis
1729 1249 1796 1291 in-

284 1329 394 1373 clusi
424 1335 467 1370 et
493 1327 538 1370 in
559 1326 681 1369 sicco
719 1324 944 1368 subtiliter
981 1325 1446 1375 brunneo-maculati,
1488 1325 1534 1367 in
1569 1325 1674 1367 vivo
1714 1323 1800 1383 (te-

283 1410 348 1447 ste
374 1402 606 1458 Riedelio)
645 1401 752 1452 albi,
794 1401 840 1444 in
876 1401 1136 1460 pedunculo
1175 1400 1333 1458 glabro
1370 1400 1637 1444 brevissimo
1676 1415 1801 1444 com-

283 1478 407 1522 muni
446 1478 560 1520 alter
612 1476 778 1519 sessilis
834 1476 946 1519 alter
999 1475 1267 1520 subsessilis.
1316 1475 1481 1535 Sepala
1516 1475 1794 1526 lanceolata,

283 1551 581 1602 acutiuscula,
612 1550 911 1601 navicularia,
953 1551 1158 1608 germine
1181 1550 1249 1593 vix
1273 1549 1408 1610 duplo
1448 1550 1674 1607 longiora.
1715 1550 1799 1592 Tu-

280 1626 362 1670 bus
415 1625 616 1669 corollae
669 1630 901 1681 angustus,
963 1620 1127 1674 rectus,
1189 1624 1345 1681 calyce
1404 1623 1501 1683 plus
1545 1623 1798 1683 quadruplo

282 1702 482 1760 longior.
539 1700 694 1744 Petala
750 1700 967 1757 oblonga,
1010 1699 1188 1749 obtusa,
1232 1698 1473 1749 cucullata,
1513 1713 1668 1742 versus
1703 1699 1799 1759 api-

283 1794 382 1823 cem
434 1776 931 1821 brunneo-maculata.
987 1774 1321 1819 Staminodium
1374 1780 1607 1817 externum
1661 1789 1796 1817 unum

285 1854 532 1899 obovatum
588 1851 942 1901 obtusissimum‚
1003 1850 1227 1895 subtiliter
1269 1849 1794 1893 brunneo-maculatum.

283 1928 568 1976 Staminodia
622 1928 800 1971 interna
838 1942 939 1970 cum
993 1927 1184 1970 stamine
1240 1926 1375 1969 fertili
1429 1926 1532 1975 tria;
1582 1925 1796 1968 extimum

282 2006 520 2055 callosum,
560 2004 638 2047 illo
684 2004 838 2064 paullo
892 2003 1090 2061 longius,
1150 2002 1368 2047 latissime
1422 2001 1684 2052 obovatum,
1741 2000 1797 2044 ad

280 2090 520 2142 utrumque
574 2080 826 2138 marginem
881 2080 998 2123 callo
1043 2079 1293 2140 majusculo
1331 2079 1617 2129 instructum,
1657 2076 1795 2121 subti-

280 2159 385 2203 liter
408 2155 935 2206 brunneo-maculatum3
965 2154 1289 2199 staminodium
1316 2154 1524 2197 intimum
1547 2153 1634 2197 illis
1670 2153 1798 2214 paul-

282 2236 327 2280 lo
380 2233 577 2280 brevius,
634 2231 927 2280 cucullatum,
983 2231 1039 2274 ad
1089 2231 1278 2274 alterum
1316 2230 1431 2273 latus
1468 2229 1673 2273 auricula
1708 2229 1798 2273 lata

286 2309 593 2355 descendente
647 2309 929 2358 instructum,
989 2307 1212 2351 subtiliter
1263 2306 1793 2351 brunneo-maculatum.

287 2390 474 2435 Stamen
511 2385 675 2430 fertilet
715 2384 914 2429 Anthera
952 2384 1112 2435 libera,
1162 2383 1417 2444 appendice
1472 2390 1679 2442 angusta,
1721 2380 1801 2425 ob-

286 2463 443 2520 longa,
501 2459 681 2508 obtusa,
737 2472 877 2517 usque
932 2456 988 2500 ad
1040 2456 1276 2500 antheram
1328 2455 1562 2499 filamento
1620 2453 1801 2504 adnata,

287 2553 423 2599 quam
443 2535 632 2580 anthera
656 2534 885 2585 breviore,
919 2532 1142 2577 subtiliter
1175 2531 1655 2576 brunneo-maculata.
1696 2529 1804 2574 Ger-

290 2629 396 2659 men
418 2612 685 2670 oblongum,
715 2607 1067 2667 longiusculum,
1091 2607 1448 2659 albo-villosum,
1473 2606 1803 2654 uniovulatum,

293 2687 564 2752 corpusculo
601 2685 884 2749 placentario
920 2685 1201 2729 instructum.
