1962 3080
892 143 956 193 87

233 269 277 310 5.
318 267 352 310 Ι.
392 262 703 323 ynz'anensis
743 260 886 304 che.

236 371 359 413 saule
396 376 433 412 et
461 367 631 424 petiolis
668 369 794 410 denso
831 365 1026 413 hirsutis,
1069 363 1244 422 vaginis
1280 361 1494 406 foliorum
1525 376 1677 422 super-

169 461 226 488 ne
263 445 379 487 intus
419 456 629 502 appresse
684 439 914 500 puberulis
968 439 1098 499 apice
1135 436 1319 496 glabris,
1362 435 1554 479 bracteis
1591 435 1679 495 spi-

119 560 122 565 ,
170 533 321 562 carum
359 516 529 561 obtusis
566 514 857 559 inferioribus
895 513 1203 557 acutiusculis.

234 640 409 685 Gaiana
445 640 603 697 qalle'ca
642 640 785 699 (llerb.
827 639 1008 695 Be1·0].).

235 767 386 810 Caulis
423 765 741 809 subterraneus
794 764 989 808 breviler
1036 777 1199 823 repens
1258 759 1526 808 ascendens,
1568 756 1685 800 radi-

170 843 295 887 cibus
334 850 377 886 et
412 842 602 886 residuis
659 842 928 899 vaginarum
967 847 1010 882 et
1046 839 1146 899 pilis
1199 834 1549 880 flavescentibus
1606 832 1682 876 ob-

170 925 329 962 tectus.
385 918 514 961 Folia
569 917 704 975 longe
760 916 998 976 petiolala;
1054 913 1250 975 petiolus
1285 913 1452 969 vagina
1503 909 1678 953 inferne

170 995 327 1053 glabra
365 1010 558 1054 superne
585 993 641 1037 ad
665 993 918 1050 marginem
956 991 1127 1035 hirsuta
1168 992 1222 1034 17
1246 988 1452 1050 pollicari
1493 987 1683 1030 instruc-

171 1079 255 1121 tus,
314 1070 451 1114 dense
490 1076 531 1113 et
570 1084 781 1130 appresse
836 1068 1047 1117 hirsutus,
1107 1066 1285 1110 demum
1341 1064 1604 1107 calvescens
1643 1069 1682 1103 el

172 1147 369 1191 bulbillis
403 1147 596 1207 pilorum
636 1145 924 1205 delapsorum
964 1143 1213 1205 asperulus‚
1254 1143 1314 1186 29
1341 1139 1589 1201 pollicaris,
1620 1153 1687 1180 ar-

172 1221 311 1264 ticulo
350 1219 511 1280 apicali
552 1234 684 1279 supra
720 1218 942 1279 puberulo
978 1224 1178 1262 ceterum
1215 1215 1374 1274 glabro
1410 1214 1503 1257 basi
1545 1226 1687 1255 annu-

174 1298 218 1341 lo
254 1297 539 1357 prominente
576 1295 739 1338 rilloso
785 1296 935 1339 cincio
977 1293 1021 1337 1¹
1047 1332 1059 1353 3
1085 1320 1146 1324 —
1172 1291 1215 1336 1¹
1240 1329 1253 1350 ,2
1295 1290 1520 1353 pollicari;
1560 1287 1689 1332 lami-

174 1389 232 1417 na
269 1373 484 1431 oblonga,
511 1372 566 1416 ad
591 1371 733 1416 basim
772 1371 1061 1416 rotundaimn
1100 1370 1297 1414 breviler
1331 1367 1569 1430 producta,
1595 1365 1690 1425 api-

176 1465 226 1493 ce
262 1448 393 1492 valde
431 1448 615 1507 obliqua
668 1448 965 1499 acutiuscula,
1007 1462 1140 1508 supra
1176 1446 1232 1489 ad
1267 1459 1455 1489 nervum
1491 1441 1688 1486 medium

177 1529 220 1566 et
255 1521 309 1566 ad
345 1522 598 1579 marginem
655 1522 898 1565 rectiorem
937 1529 977 1564 e1
1014 1535 1168 1565 versus
1221 1519 1398 1580 apicem
1436 1517 1492 1561 ad
1526 1516 1693 1573 margi-

178 1613 281 1641 nem
330 1597 558 1656 obliquam
611 1597 749 1640 etiam
801 1596 1071 1657 pubescens,
1113 1602 1315 1640 ceterum
1351 1594 1561 1652 utrinque
1599 1591 1692 1648 gla—

176 1675 271 1725 bra,
313 1689 445 1734 supra
480 1673 634 1717 viridis
673 1679 714 1716 el
752 1672 902 1717 fasciis
938 1673 1204 1717 transversis
1240 1671 1394 1733 paullo
1427 1667 1692 1713 laeiioribus

176 1756 331 1794 notata
367 1749 572 1807 margine
610 1749 832 1797 brunnea.
874 1748 1026 1793 subtus
1063 1747 1291 1809 pallidior,
1336 1747 1533 1790 16-17
1562 1742 1696 1805 polli-

178 1838 252 1866 ces
288 1823 443 1881 longa‚
485 1825 621 1867 6-7
643 1822 833 1883 pollices
870 1823 979 1865 lala,
1019 1821 1168 1865 Caulis
1206 1819 1395 1878 (ramus)
1434 1819 1689 1875 elongatus,

179 1898 464 1956 longiuscule
503 1906 547 1942 et
583 1898 720 1943 dense
776 1899 878 1959 pilis
931 1898 1155 1959 appressis
1208 1897 1421 1946 hirsutus,
1463 1894 1592 1955 apice
1631 1890 1697 1934 so-

182 1975 290 2018 lium
325 1974 549 2019 basalibus
588 1975 788 2036 (praeter
823 1975 1019 2032 vaginae
1071 1974 1327 2031 marginem
1378 1971 1544 2030 ubique
1583 1968 1699 2030 pilo-

182 2048 294 2104 sam)
332 2047 609 2090 simillimum
646 2052 779 2106 atque
817 2046 1204 2090 inssorescentiam
1242 2044 1495 2106 proferens.
1536 2041 1696 2102 Spicae

183 2117 237 2161 ad
272 2133 421 2162 ramos
456 2120 501 2162 in
538 2120 704 2178 vagina
757 2120 851 2163 l'olii
909 2118 1097 2180 apicalis
1155 2117 1445 2161 fasciculalos
1499 2113 1693 2162 sessim,

183 2191 393 2246 lineares,
417 2211 558 2256 usque
597 2196 910 2257 .4-pollica1·es;
953 2211 1103 2239 ramus
1139 2195 1359 2238 maximus
1395 2192 1571 2236 inferne
1607 2190 1698 2233 hir-

185 2275 322 2321 sutus,
362 2271 519 2331 reliqui
557 2272 888 2316 u11i1a1erali10r
924 2271 1133 2333 puberuli
1168 2271 1242 2315 vel
1278 2268 1557 2329 glaberrimi‚
1596 2266 1698 2310 rha—

183 2345 291 2389 ches
325 2346 549 2407 spicarum
585 2348 788 2406 glabrae.
824 2350 1043 2392 Bracteae
1081 2347 1310 2405 oblongae
1337 2344 1596 2406 superiores
1617 2341 1696 2386 ob-

188 2428 312 2465 tusae
350 2428 394 2465 et
429 2422 778 2480 glabriusculae‚
821 2424 1060 2468 inferiores
1118 2421 1426 2467 acutiusculae
1462 2419 1534 2464 vel
1570 2419 1700 2463 obtu-

189 2513 263 2541 sae
302 2505 344 2541 et
379 2505 674 2544 mucronatae
707 2501 806 2560 plus
841 2501 991 2544 minus
1028 2499 1347 2562 pubescentes,
1377 2497 1540 2541 leviter
1574 2495 1701 2540 stria—

187 2579 258 2617 tae
295 2573 368 2616 vel
404 2573 574 2625 laeves,
614 2589 940 2635 pergamenae,
980 2575 1134 2637 paullo
1190 2579 1412 2623 remotae,
1453 2571 1703 2616 flavescen-

188 2656 270 2692 tes.
313 2649 507 2694 Germen
547 2649 794 2708 oblongum
832 2652 963 2712 apice
999 2652 1102 2713 pilis
1139 2650 1325 2695 arrectis
1360 2649 1510 2694 densis
1563 2646 1702 2691 ssave-
