1962 3080
913 125 1013 177 127

200 249 416 295 foliorum
451 248 598 294 forma
634 244 791 307 paullo
828 244 919 289 alia
956 245 1221 303 angustiore
1256 244 1402 305 iisque
1429 243 1526 291 basi
1552 246 1714 299 acutis,

202 326 323 371 vittis
360 324 522 370 albidis
557 322 753 381 geminis
791 336 981 365 nervum
1017 320 1220 365 medium
1274 325 1398 365 arcte
1450 320 1726 367 incluidenti-

203 400 284 446 bus
322 401 429 461 (nec
464 399 582 443 inter
616 411 782 440 nervos
817 396 1032 442 solitariis
1067 411 1154 441 nec
1190 411 1216 440 a
1252 410 1395 440 nervo
1426 396 1652 456 remotis).

265 519 346 562 22.
390 518 434 562 C.
474 522 671 559 ornata
706 513 850 558 che.

266 621 438 666 Maranta
474 625 608 663 ornata
642 618 796 661 Linden
831 619 870 662 in
905 619 969 663 Fl.
1010 620 1052 662 d.
1093 618 1206 662 Serr.
1246 618 1273 662 4
1316 617 1481 679 (1848)
1506 619 1586 663 tab.
1634 618 1725 662 413

203 705 241 742 et
274 697 385 741 414.

268 804 359 849 Var.
388 818 431 846 α;
459 804 585 847 Foliis
610 802 699 846 albo
726 802 883 846 lineatis
907 802 1024 846 Liud.
1054 802 1094 844 in
1118 801 1182 844 Fl.
1213 802 1252 844 d.
1284 801 1398 845 Serr.
1427 801 1475 853 4,
1502 802 1584 846 tab.
1614 802 1726 847 413.

270 917 363 961 Var.
392 913 438 977 β.
468 916 590 960 Foliis
616 915 919 959 roseo-lineatis
944 914 1061 958 Lind.
1090 914 1130 957 in
1149 914 1212 957 Fl.
1238 915 1277 956 d.
1304 912 1417 958 Serr.
1441 913 1486 966 4,
1508 915 1589 958 tab.
1613 914 1724 957 414.

269 1025 362 1069 Var.
401 1040 447 1085 γ.
490 1024 640 1082 regalis
674 1036 713 1066 v.
752 1022 895 1066 Houtte
932 1021 971 1065 in
1006 1021 1072 1065 Fl.
1112 1021 1153 1065 d.
1196 1019 1308 1064 Serr.
1351 1018 1428 1070 10,
1486 1034 1580 1079 pag.
1637 1020 1718 1065 231

205 1101 286 1146 tab.
329 1100 451 1146 1066
490 1106 527 1144 et
560 1099 700 1144 1067.

273 1208 452 1253 Gaiana
484 1205 660 1265 qallica,
703 1205 940 1254 Columbia,
978 1205 1124 1248 Lz‘ma.

270 1315 427 1360 Flores
461 1312 610 1358 adhuc
646 1312 979 1357 desiderantur.

271 1425 349 1469 23.
394 1423 436 1468 C.
479 1422 756 1480 dicephala
792 1420 936 1466 Keke.

275 1529 486 1586 Phrynium
522 1529 776 1586 dicephalum
814 1529 966 1585 Poepp.
1007 1535 1045 1572 et
1079 1526 1200 1571 Endl.
1241 1526 1342 1571 Nov.
1388 1540 1483 1585 gen.
1515 1534 1552 1571 et
1578 1543 1642 1585 sp.
1672 1528 1728 1584 pl.

160 1600 165 1605 ’
212 1607 256 1657 2,
298 1605 373 1657 20,
411 1605 491 1650 tab.
533 1604 642 1648 128.

270 1717 472 1763 Peruvz'a:
493 1718 554 1761 Ad
580 1718 831 1775 Pampayaco
851 1717 891 1760 in
913 1717 1037 1773 sylvis
1063 1716 1296 1761 subandinis
1316 1717 1366 1761 ad
1386 1728 1508 1774 rupes
1533 1717 1731 1762 madidas.

275 1837 325 1883 C.
381 1839 596 1883 Bracteae
645 1837 1102 1897 ferruyz'neo-villosae
1155 1840 1223 1882 vel
1268 1838 1458 1884 lanatae.
1500 1838 1653 1897 sz'cae
1704 1845 1742 1882 e!

346 1917 528 1973 plantae
560 1915 786 1960 mediocris
820 1912 1140 1973 maqm'tudim's

212 2050 214 2052 ·
277 2038 356 2081 24.
400 2038 444 2083 C.
482 2038 676 2083 eoez'mia
711 2036 855 2082 che.

280 2151 492 2207 Phrynium
544 2151 729 2195 eximium
766 2150 814 2197 C.
869 2151 979 2196 Koch
1014 2158 1053 2196 et
1103 2151 1267 2196 Bouche
1301 2153 1341 2197 in
1391 2152 1496 2211 App.
1536 2153 1584 2198 ad
1636 2153 1724 2197 lnd.

215 2240 319 2272 sem.
357 2228 458 2271 hort.
495 2227 635 2271 Berol.
676 2227 819 2282 4855,
863 2228 939 2272 11.
979 2228 1094 2273 Berl.
1132 2228 1247 2286 Allg.
1287 2227 1388 2273 Gtzt.
1429 2228 1573 2280 1857,
1622 2229 1741 2273 161.

278 2335 474 2379 America
509 2336 696 2392 tropica.
739 2335 847 2396 (vid.
888 2351 950 2394 sp.
991 2337 1091 2381 cult.
1129 2337 1169 2382 in
1205 2329 1330 2381 Ilerb.
1371 2336 1551 2397 Berol.).

278 2453 359 2497 25.
403 2452 448 2497 C.
487 2451 727 2497 velutina
758 2451 904 2498 che.

278 2564 494 2620 Phrynium
543 2564 761 2609 velutinum
799 2565 952 2624 Poepp.
994 2573 1032 2610 et
1065 2566 1186 2612 Endl.
1226 2567 1326 2613 Nov.
1366 2581 1462 2626 gen.
1503 2574 1541 2613 et
1574 2580 1621 2625 sp
1678 2571 1734 2626 pl.

216 2641 262 2692 2,
301 2639 380 2692 19,
417 2640 498 2685 tab.
540 2639 648 2684 126.
