1962 3080
838 129 904 179 43

116 252 325 312 utrinque
361 250 531 301 viridis,
570 247 760 307 [ΗΛ-6
796 246 988 308 pollices
1023 246 1179 304 longa,
1225 242 1470 306 Pla—27³
1500 244 1633 306 polli-

119 344 195 373 ces
236 328 343 372 lata.
402 326 565 386 Spicae
623 329 701 368 aut
751 322 959 381 singulae
997 328 1074 366 aut
1108 337 1189 383 per
1222 323 1378 365 2—-3
1415 321 1463 365 in
1498 321 1633 364 axilla

120 404 218 449 solii
240 410 315 448 aut
337 401 617 461 (inferiores)
646 417 668 444 e
705 399 872 458 vagina
907 399 1090 460 apliylla
1126 398 1420 460 prodeunteS‚
1460 397 1634 459 pedun-

121 482 315 531 culatae‚
345 479 605 540 pedunculo
632 478 855 539 puberulo
883 478 954 522 vel
974 477 1133 536 glabro
1156 478 1280 519 4-5
1302 474 1512 535 pollicari
1533 473 1637 518 sub-

123 562 275 600 erecto
311 554 488 612 gracili,
530 554 792 613 elongatae,
832 553 1132 612 gracillimae,
1174 556 1394 609 angustae
1431 547 1632 609 5—77,2

122 628 380 690 pollicares;
439 627 596 671 rhachi
646 627 701 671 ad
743 626 889 671 nodos
925 625 1204 686 pubescente
1241 630 1443 668 ceterum
1479 621 1639 680 glabra

122 709 244 748 reeta
266 703 444 760 gracili.
468 704 686 747 Bract'eae
710 702 956 759 oblongae,
983 699 1189 750 obtusae,
1220 699 1406 758 glabrae
1431 698 1505 743 vel
1540 714 1640 742 ver-

122 795 192 824 sus
248 780 501 838 marginem
556 779 785 823 levissimo
833 776 1101 838 puberulae‚
1143 775 1544 826 membranaceae,
1586 775 1642 819 ad

122 853 311 896 1·l1acl›in
365 854 693 914 subappressae
746 859 790 897 et
841 851 976 896 ssores
1029 851 1332 903 involventes,
1399 858 1641 912 postquam

122 928 257 973 flores
277 927 590 973 dessoruerunt
617 928 855 979 deciduae,
886 927 1128 972 inferiores
1154 927 1424 972 internodiis
1459 928 1643 973 rhachis

124 1002 357 1047 breviores
380 1005 535 1046 7—-10
555 1003 699 1046 lineas
720 1003 904 1060 longae.
936 1002 1205 1045 Bracteolae
1243 1001 1446 1060 glabrae.
1488 1003 1645 1047 Flores

125 1078 231 1121 satis
260 1078 403 1138 parvi,
444 1093 524 1138 per
548 1077 680 1121 binos
707 1076 971 1120 subsessiles
1008 1076 1259 1120 insidentes
1295 1077 1564 1137 pedunculis
1599 1079 1647 1122 in

125 1153 258 1196 axilla
314 1153 530 1212 cujusque
586 1151 799 1195 bracteae
837 1158 1033 1211 quatuor
1071 1151 1327 1212 puberulis‚
1387 1152 1647 1213 pedunculo

126 1230 292 1273 extimo
315 1244 448 1288 quam
480 1227 667 1271 bractea
702 1228 857 1288 paullo
893 1227 1103 1271 breviore
1140 1227 1366 1271 interdum
1404 1244 1485 1289 pro
1521 1228 1646 1272 ssori-

127 1303 206 1347 bus
232 1304 392 1348 iterum
418 1303 652 1346 bracteam
691 1309 735 1346 et
770 1302 1058 1363 pedunculos
1095 1305 1125 1345 4
1161 1301 1421 1363 proferente
1460 1304 1646 1364 reliquis

127 1379 349 1438 gradatim
368 1394 526 1439 parum
548 1378 834 1422 brevioribus
860 1379 1049 1422 arrectis
1074 1377 1255 1421 demum
1282 1385 1648 1440 arrecto-paten-

127 1454 259 1498 tibus.
299 1455 463 1514 Sepala
503 1453 779 1505 lanceolata,
821 1453 988 1497 sensim
1027 1459 1072 1496 et
1107 1451 1332 1497 subtiliter
1367 1452 1644 1502 lanceolata.

127 1528 301 1586 glabra,
359 1543 568 1578 nervosa,
625 1526 835 1571 viridula.
893 1526 1042 1570 Tubus
1096 1526 1299 1570 corollae
1359 1527 1516 1587 calyce
1553 1527 1648 1572 sere

129 1601 265 1659 duplo
317 1602 515 1660 longior,
556 1600 842 1659 subgracilis.
883 1599 1037 1643 Petala
1074 1599 1293 1658 oblonga,
1336 1600 1514 1652 obtusa,
1555 1602 1653 1659 gla-

129 1675 224 1724 bra,
280 1675 411 1736 apice
471 1675 700 1719 cucullata
752 1680 796 1718 et
846 1673 1327 1717 brunneo-maculata.
1369 1674 1655 1718 Staminodia

129 1750 302 1808 glabra,
328 1757 512 1794 externa
535 1749 623 1794 «luo
656 1749 842 1809 reliquis
869 1748 1023 1809 paullo
1044 1748 1274 1805 longiora,
1314 1747 1506 1791 alterum
1543 1748 1658 1792 obo-

129 1832 301 1874 vatum,
360 1824 550 1867 alterum
605 1823 842 1882 angustius
895 1822 1221 1883 spathulatum.
1264 1822 1551 1866 Staminodia
1586 1824 1654 1866 in-

130 1906 259 1941 terna
310 1913 413 1940 cum
455 1897 649 1941 stamine
695 1896 829 1940 fertili
868 1897 972 1946 t1·ia;
1013 1902 1248 1939 externum
1285 1895 1506 1939 callosum
1545 1895 1658 1940 obo-

133 1981 301 2022 vatum‚
361 1971 416 2015 ad
475 1980 714 2031 utrumque
758 1971 1013 2028 marginem
1053 1970 1171 2013 callo
1209 1970 1477 2014 instructum
1513 1970 1658 2015 altero

136 2047 279 2104 magis
316 2046 606 2107 porrigente,
665 2060 800 2106 supra
832 2045 998 2089 callum
1034 2044 1078 2087 in
1118 2058 1314 2087 acumen
1349 2044 1658 2088 lanceolatum

140 2119 424 2180 productum.
473 2118 809 2163 Staminodium
835 2118 1045 2161 intimum
1072 2116 1350 2161 cucullatum
1375 2107 1487 2160 illud
1513 2117 1662 2176 longi-

140 2195 292 2240 tudine
317 2196 621 2256 subaequans,
647 2195 700 2238 ad
730 2195 923 2238 alterum
961 2194 1076 2237 latus
1113 2193 1319 2236 auricula
1346 2193 1437 2236 lata
1473 2193 1661 2237 descen—

142 2271 274 2314 dente
311 2271 580 2315 instructum
606 2286 762 2315 versus
789 2271 968 2331 apicem
991 2269 1523 2313 brunneo-maculatum.
1564 2269 1664 2313 Sta-

142 2362 247 2390 men
267 2346 431 2389 fertile:
461 2346 662 2390 Anthera
684 2346 846 2396 libera,
871 2345 1128 2406 appendice
1150 2343 1414 2405 petaloidea
1438 2359 1662 2405 perparva

144 2434 283 2479 usque
310 2418 366 2462 ad
391 2418 626 2462 antheram
664 2435 758 2464 non
793 2421 1076 2480 porrigente.
1119 2418 1316 2461 Germen
1352 2417 1665 2462 albido-villo—

143 2507 258 2542 sum,
321 2491 625 2541 uniloculare,
688 2492 1021 2543 uniovulatum,
1064 2490 1337 2551 corpusculo
1374 2490 1660 2550 placentario

144 2566 429 2610 instructum.
487 2565 635 2624 Stylus
687 2567 916 2610 incurvus.
975 2566 1149 2624 Stigma
1186 2570 1463 2608 truncatum.
1520 2564 1666 2625 Spicis

146 2643 412 2702 gracillimis
475 2642 752 2701 longissimis
805 2643 941 2687 rectis
1010 2649 1054 2687 et
1114 2640 1311 2685 bracteis
1376 2639 1668 2685 inferioribus
