1962 3080
956 161 1053 214 138

245 276 541 337 majusculae,
596 277 781 322 infimae
836 277 920 340 13]ζ
961 280 1153 341 pollices
1195 282 1362 341 longae
1417 289 1461 328 et
1500 286 1530 328 2
1564 283 1754 345 pollices

246 349 383 394 latae.
439 350 597 395 Flores
633 351 741 396 lutei
793 352 926 413 (teste
961 354 1185 411 Riedel.).
1242 357 1429 401 Semina
1472 372 1749 418 compressa,

242 424 740 485 quadrato-oblonga,
779 427 945 485 grisea,
985 444 1168 487 rugosa,
1227 432 1357 492 apice
1394 437 1619 483 truncata,
1660 432 1755 477 basi

242 499 521 561 biapiculata
547 506 591 545 et
617 500 742 545 disco
767 502 941 562 peltato
977 503 1228 549 umbonato
1265 506 1501 558 instructa,
1547 506 1759 551 exarillo-

238 590 302 621 sa.
344 576 590 621 Calatheae
626 577 838 621 Alloniae
864 578 1014 622 Lindl.
1054 579 1276 640 proxima,
1318 581 1396 626 sed
1427 582 1604 627 diversa
1638 583 1759 627 soliis

241 653 374 714 apice
411 669 503 697 non
541 654 707 698 sensim
745 655 905 707 acutis,
964 655 1160 700 bracteis
1197 656 1351 717 spicae
1403 659 1579 703 extimis
1615 659 1757 704 multo

237 729 491 781 latioribus,
534 736 578 774 et
613 729 928 776 obtusissimis.

306 840 383 884 42.
428 839 474 885 C.
513 848 675 884 ovata
708 841 842 886 Lindl.
882 841 972 886 Bot.
1014 856 1104 900 reg.
1143 844 1191 887 ad
1217 843 1299 887 tab.
1331 843 1471 888 1210.
1512 846 1550 889 in
1575 853 1696 890 textu.

307 940 523 995 Phrynium
571 946 724 984 ovatum
776 940 883 983 Nees
931 947 970 984 et
1003 941 1166 985 Martius
1215 941 1254 984 in
1289 941 1387 986 Nov.
1438 942 1526 986 Aet.
1566 943 1758 1001 Leopold.

241 1020 335 1057 toni.
368 1014 445 1067 11,
474 1028 567 1072 pars
593 1015 638 1066 1,
668 1028 761 1072 pag.
794 1016 869 1058 27.

306 1123 480 1167 Maranta
506 1130 616 1168 ovata
640 1124 689 1167 Α.
720 1124 845 1167 Dietr.
876 1139 938 1181 sp.
969 1125 1028 1181 pl.
1063 1124 1108 1175 1,
1139 1125 1214 1168 22).

313 1226 524 1269 masilia.-
561 1225 695 1271 Juxta
728 1225 848 1270 viam
874 1225 1131 1278 Felisberli,
1174 1224 1482 1280 centurionis,
1524 1228 1765 1273 Decembri

242 1296 344 1342 ssor.

307 1405 386 1448 43.
429 1403 474 1449 C.
508 1404 722 1461 pumila
758 1403 904 1447 Keke.

305 1511 481 1555 Maranta
506 1512 658 1568 pumila
681 1511 878 1556 Arrabida
902 1512 966 1555 Fi.
996 1512 1130 1556 Flum.
1161 1512 1240 1556 tab.
1271 1514 1317 1554 ὅ.

310 1619 525 1675 Phrynium
551 1620 744 1676 pumilum
774 1619 959 1664 C..Koeh
984 1621 1023 1663 iu
1052 1619 1165 1663 Berl.
1196 1620 1311 1678 Allg.
1343 1618 1446 1663 Gtzt.
1479 1619 1621 1671 4857,
1651 1619 1758 1663 147.

242 1694 316 1738 sub
349 1700 453 1738 sect.
495 1695 525 1740 Ι.
567 1694 651 1738 Nee
686 1695 895 1747 Klotzsch,
934 1709 1009 1739 nec
1046 1695 1092 1740 C.
1132 1695 1243 1739 Koch
1287 1697 1319 1739 l.
1358 1710 1396 1740 c.
1436 1696 1527 1740 sub.
1568 1701 1667 1739 sect.
1708 1696 1757 1739 ll.

241 1783 316 1814 nec
342 1773 444 1814 hort.

305 1872 520 1918 Brasz'lz'a.
987 1920 991 1925 -

307 1977 386 2019 44.
430 1975 475 2019 C.
512 1977 743 2034 oblonya
779 1976 923 2022 che.
965 1976 1031 2037 (¹)

310 2078 525 2134 Plirynium
562 2080 781 2138 oblongum
817 2081 931 2126 Mart.
961 2082 1001 2125 in
1026 2082 1234 2139 Regensb.
1272 2082 1389 2125 Flora
1416 2081 1472 2125 24
1501 2079 1688 2143 (1841),
1717 2085 1760 2136 2,

244 2157 379 2201 Beibl.
410 2157 486 2202 59.

307 2266 522 2310 Brasilia:
558 2265 673 2309 Mart.
702 2264 828 2308 Herh.
858 2265 923 2308 Fl.
951 2266 1070 2310 Bras.
1099 2280 1139 2311 11.
1172 2266 1262 2311 553
1291 2263 1438 2325 (Herb.
1469 2265 1682 2326 Vi11doh.).

310 2370 390 2412 45.
433 2368 478 2412 C.
519 2366 862 2411 Mamlz'occae
897 2366 1041 2412 che.

316 2467 449 2512 Foliis
484 2466 695 2524 elliptz'cz's,
734 2467 888 2511 subtus
923 2482 1057 2511 nervo
1092 2468 1229 2512 medio
1268 2483 1477 2526 oppresse
1509 2469 1768 2525 pubescente

248 2551 438 2588 ceterum
471 2542 666 2602 qlabrz's;
719 2541 855 2604 spicis
892 2542 1054 2595 ovatis,
1113 2543 1447 2603 liedunculalis,
1508 2543 1765 2605 pedunculo

246 2691 294 2733 (¹)
321 2693 468 2734 Species
488 2690 624 2724 44—47
645 2692 881 2724 continentur
902 2692 1059 2725 bracteis
1079 2692 1253 2735 utrinque
1275 2694 1573 2734 pubescentibus.
