1962 3080
1047 126 1114 176 58

327 244 587 304 pollicares.
628 243 843 287 Bracteae
875 242 1111 295 distichae,
1155 244 1458 293 lanceolatae,
1501 244 1836 291 obtusiusculae

326 318 405 364 sed
439 319 542 378 quia
581 318 929 379 conduplicatae
967 320 1094 378 quasi
1130 325 1308 373 acutae,
1348 320 1549 378 glabrae,
1590 319 1832 378 rigidulae‚

325 395 530 451 margine
559 391 1108 444 tenui-membranaceae,
1150 393 1197 436 in
1233 393 1356 438 sicco
1392 393 1548 437 fuscae
1586 393 1720 438 dorso
1756 394 1836 438 oh-

321 466 563 511 scuriores.
609 464 808 509 Rhachis
845 471 968 508 certe
995 465 1172 510 inferne
1210 466 1347 510 dense
1386 473 1430 510 et
1454 467 1649 526 rigidulo
1687 467 1832 527 pilosa

321 540 394 584 vel
447 540 684 601 puherula,
741 540 811 583 vix
863 537 1082 583 flexuosa.
1122 539 1371 602 Pedunculi
1406 540 1567 585 florum
1604 542 1649 585 in
1687 542 1833 586 axillis

319 613 605 659 bractearum
658 614 847 672 gemini,
894 614 1008 658 alter
1043 613 1230 659 bissorus
1266 615 1381 659 alter
1416 616 1589 660 uni-vel
1625 614 1827 663 hissorus.

318 704 419 734 cum
447 688 684 748 pedicellis
720 687 993 749 specialibus
1029 688 1164 749 pilosi
1202 688 1273 732 vel
1308 689 1619 747 glabriusculi.
1662 690 1826 750 Sepala

320 763 487 813 ovalia,
546 761 722 814 obtusa,
780 761 954 820 glabra,
1008 777 1220 814 nervosa,
1277 762 1460 810 virides,
1517 779 1598 824 pro
1651 764 1829 807 ratione

315 837 581 898 majuscula.
642 836 747 880 Flos
805 836 1044 880 coeruleus
1104 835 1235 893 (teste
1271 836 1552 894 Luschnath)
1590 837 1825 882 violaceus

314 912 447 972 (leste
473 910 671 970 Riedel).
718 910 871 954 Petala
909 926 1011 954 cum
1048 911 1333 955 staminodiis
1369 911 1416 954 in
1450 911 1605 956 tubum
1642 912 1825 973 perbre-

309 1001 412 1029 vem
439 991 636 1029 connata
662 984 879 1043 oblonga,
911 984 1086 1036 obtusa,
1129 984 1303 1043 glabra,
1334 985 1556 1029 hrunnea.
1598 986 1825 1030 Stamino-

310 1063 384 1107 dia
410 1061 584 1121 glabra,
632 1061 720 1105 duo
759 1068 944 1105 externa
979 1077 1218 1122 perparva,
1260 1062 1449 1106 internis
1469 1062 1610 1106 multo
1649 1063 1827 1107 minora

309 1145 353 1182 et
398 1138 625 1189 breviora,
668 1136 881 1188 obovata,
922 1136 1098 1188 obtusa,
1141 1137 1620 1183 brunneo—maculala.
1661 1139 1822 1183 Stami-

305 1211 443 1257 nodia
496 1211 676 1255 interna
727 1225 828 1254 cum
887 1210 1078 1254 stamine
1114 1210 1250 1254 fertili
1285 1211 1387 1261 tria3
1430 1211 1644 1255 extimum
1681 1211 1822 1255 callo-

307 1302 421 1336 sum,
483 1284 865 1335 lato-obovatum,
910 1283 1281 1335 obtusissimum,
1334 1284 1453 1328 callo
1500 1299 1669 1342 magno
1706 1285 1825 1343 intus

309 1362 591 1424 porrigente,
653 1360 1182 1411 brunneo-maculatum;
1239 1359 1560 1403 staminodium
1618 1360 1826 1403 intimum

309 1434 602 1484 cucullatum,
640 1433 696 1476 ad
732 1433 924 1477 alterum
961 1433 1076 1477 latus
1112 1433 1315 1477 auricula
1351 1448 1489 1493 parva
1525 1433 1822 1477 subhorizon-

308 1509 386 1553 tali
414 1507 880 1569 planta-instructum,
911 1522 1104 1567 superne
1130 1506 1400 1550 hrunneum.
1444 1507 1628 1550 Stamen
1656 1507 1821 1551 fertile:

306 1582 695 1633 Antl1e1·alil·)era;
737 1582 990 1642 appendice
1028 1581 1289 1642 petaloidea
1329 1582 1547 1639 oblonga,
1588 1582 1823 1627 [ilamento

306 1673 448 1717 usque
475 1655 532 1699 ad
551 1655 768 1699 antherae
805 1655 949 1699 hasim
987 1655 1167 1705 adnata,
1211 1670 1344 1714 quam
1368 1654 1556 1698 anthera
1592 1654 1820 1713 longiore,

308 1732 530 1776 brunnea.
580 1730 776 1781 Germen
814 1729 916 1790 pilis
954 1730 1139 1773 arrectis
1177 1729 1356 1773 sordide
1394 1728 1557 1772 albidis
1591 1729 1819 1782 villosum,

305 1806 351 1850 in
387 1806 509 1849 sicco
547 1804 673 1864 quasi
711 1803 990 1855 triloculare,
1031 1803 1362 1847 uniovulatum.
1405 1803 1551 1862 Stylus
1589 1803 1718 1863 apice
1756 1804 1824 1846 in-

286 1878 490 1922 ‚fractus
536 1877 683 1919 Bacca
718 1874 853 1918 rubra
891 1875 1022 1934 (teste
1058 1874 1256 1932 Riedel).
1296 1874 1547 1917 Transilum
1583 1874 1669 1917 sert
1702 1875 1821 1918 inter

307 1952 629 1994 Eumarantam
657 1954 701 1992 et
735 1948 1075 1993 Stromanthen.
1117 1948 1235 1992 Huic
1272 1948 1393 1991 enim
1430 1948 1630 2006 proxima
1668 1948 1820 1992 stami-

310 2022 457 2067 nodiis
479 2022 673 2066 externis
692 2023 858 2082 parvis,
883 2022 947 2065 illi
970 2021 1118 2066 affinis
1144 2020 1483 2065 inssorescenlia
1519 2022 1815 2081 simpliciore.

309 2095 519 2140 Ceterum
556 2110 611 2138 ne
631 2093 955 2154 Marantopsidi
992 2095 1142 2138 luteae
1179 2094 1319 2138 che.
1361 2093 1541 2153 quiden]
1581 2094 1814 2139 absimilis.

372 2202 709 2259 &Sar-anthe
736 2212 838 2270 Rgl.
870 2221 914 2256 et
937 2212 1080 2257 che.
1119 2214 1167 2256 in
1200 2212 1295 2257 ind.
1330 2228 1442 2257 sem.
1473 2213 1606 2257 Horl.
1637 2213 1814 2275 Petrop.

311 2289 450 2332 1857.
487 2286 631 2332 che.
672 2287 719 2330 in
753 2285 856 2344 Rgl.
898 2286 1004 2331 Gtss.
1049 2288 1186 2338 1858,
1229 2288 1306 2330 79.

368 2412 692 2472 Inflorescentia
710 2410 988 2469 spicisbrmz‘s,
1010 2411 1209 2460 cristata,
1240 2414 1391 2460 densa,
1432 2419 1591 2457 erecta:
1629 2412 1825 2455 bracteae

304 2487 542 2544 oppositae,
572 2488 699 2530 dense
724 2485 993 2534 imbricatae,
1022 2487 1237 2529 secundae
1260 2485 1341 2541 (ad
1364 2486 1554 2529 ulcerum
1580 2487 1697 2529 latus
1721 2500 1821 2528 con-

302 2576 453 2605 versae
503 2560 642 2618 ibique
681 2561 810 2619 flores
844 2559 1071 2617 foventes),
1109 2559 1387 2616 persistentes
1424 2561 1488 2602 vel
1516 2559 1698 2618 [loribus
1733 2573 1821 2601 non

306 2634 575 2692 foecundatas
621 2649 711 2677 una
759 2648 851 2677 cum
878 2633 926 2677 iis
953 2634 1176 2678 deciduae.-
1213 2633 1476 2677 stamz'nodia
1512 2636 1596 2676 cluo
1634 2640 1821 2676 externa
