1962 3080
1001 162 1067 213 94

342 281 513 326 Maranta
547 282 727 337 Jacquini
768 281 899 323 Presl.
939 281 1071 335 Reliq.
1114 280 1271 324 Haenk.
1315 282 1356 332 1,
1400 282 1505 326 107.

343 391 536 434 Brasz'lz'a
587 392 635 435 ad
672 391 857 447 oppidum
910 390 994 447 Ega
1047 390 1286 434 Amazonum
1340 390 1459 435 fluvio
1506 392 1792 435 conterminum

279 467 424 525 (Ilerb.
451 465 666 524 vindob).
710 465 983 523 Guayaqm‘l‘?
1017 467 1102 523 leg.
1143 466 1308 510 Ilaenke
1344 475 1444 510 teste
1470 468 1604 511 Presl.
1647 466 1789 526 (Ilerb.

276 540 489 600 Vindob.).
551 596 558 604 .

343 649 587 709 Specimen
621 646 955 690 Haenkeanum
993 645 1072 690 sub
1103 647 1289 691 nomine
1326 647 1557 690 Marantae
1582 646 1795 706 Jacquini

278 724 324 767 in
359 722 501 766 Herb.
547 720 744 766 vindob.
804 726 1124 765 conservatum
1175 726 1297 764 certe
1334 720 1466 780 hujus
1519 721 1701 779 generis
1752 726 1797 764 et

278 795 525 841 verisimile
579 794 710 856 hujus
756 794 925 855 speciei
965 800 1046 838 est.
1105 792 1270 837 Differt
1306 794 1427 837 enim
1482 809 1507 837 a
1544 793 1795 854 specimine

280 869 511 912 Marantae
549 867 842 928 polyphyllae
895 867 943 910 P.
986 873 1030 910 et
1063 868 1115 910 E.
1157 866 1422 910 authentico
1474 867 1595 911 soliis
1641 866 1795 928 paullo

282 943 538 988 latioribus.
597 943 884 1002 Quamquam
938 943 1065 987 locus
1101 943 1264 986 natalis
1301 943 1539 1003 specimini
1590 957 1683 987 non
1719 941 1797 986 ad-

281 1020 471 1080 scriptus
509 1024 598 1069 est,
656 1024 807 1061 tamen
847 1033 869 1061 e
909 1018 1156 1077 Guayaquil
1199 1017 1386 1060 allatum
1440 1031 1537 1060 esse
1573 1017 1792 1077 suspicor.

281 1093 528 1154 Specimen
562 1092 848 1135 mexicanum
883 1107 992 1135 vero
1020 1091 1099 1135 sub
1125 1091 1287 1135 eodem
1309 1090 1498 1134 nomine
1525 1104 1550 1132 a
1573 1089 1630 1133 cl.
1654 1089 1792 1133 Presl.

280 1169 632 1230 pronunciatum
670 1167 784 1211 alius
821 1168 991 1228 speciei
1030 1183 1126 1212 esse
1162 1173 1288 1228 puto.

346 1285 463 1325 Ann.
502 1281 587 1325 Vix
621 1282 656 1324 I.
684 1279 974 1341 polyphyllus
994 1279 1138 1323 Keke.
1180 1284 1223 1322 et
1248 1280 1281 1323 Ι.
1307 1277 1631 1322 surinamensis
1650 1276 1795 1320 che.

285 1356 483 1400 diversas
539 1354 754 1399 exhibent
790 1355 983 1415 species.
1042 1354 1215 1397 Forsan
1262 1368 1319 1396 ne
1356 1353 1389 1396 I.
1431 1352 1614 1410 gracilis
1649 1351 1795 1395 Keke.

279 1431 462 1491 quidem
499 1430 549 1475 ab
588 1430 677 1474 illis
714 1422 892 1481 differs,
951 1443 1225 1489 quamquam
1261 1427 1368 1471 icon
1403 1426 1654 1485 Rudgeana
1709 1425 1792 1485 (Pl.

285 1505 449 1550 Guian.
492 1505 551 1549 ic.
590 1504 684 1548 tab.
723 1503 782 1564 I.)
835 1503 956 1548 foliis
992 1519 1018 1547 a
1052 1503 1147 1547 basi
1186 1502 1242 1546 ad
1278 1502 1455 1563 apicem
1492 1502 1658 1546 sensim
1696 1516 1801 1545 acu-

282 1578 466 1622 minatis
503 1577 608 1622 satis
644 1576 846 1634 angustis
887 1581 1048 1620 ornata
1085 1581 1167 1619 est.

352 1698 425 1741 13,
465 1697 500 1740 I.
541 1696 763 1754 qracilis
799 1694 943 1739 Koke.

347 1805 522 1849 Marama
558 1778 723 1861 gracilis
759 1805 902 1861 Rudge
940 1805 1004 1848 Pl.
1045 1805 1181 1862 gnian.
1223 1802 1267 1854 6,
1305 1804 1365 1847 tab
1416 1802 1460 1847 3.

353 1914 526 1958 Gw'ana
559 1915 718 1972 yallz'ca
750 1894 900 1973 Ι(11611).
932 1912 1095 1974 Berol.)
1133 1912 1345 1958 Brasz‘lia:
1384 1913 1425 1955 ln
1452 1913 1576 1967 sylvis
1604 1911 1801 1954 umbrosis

288 2006 408 2049 prope
443 1992 575 2034 llheos
612 1992 698 2048 leg.
738 1991 880 2034 Riedel
917 2005 958 2034 n.
989 1991 1078 2035 395
1118 1989 1263 2050 (Herb.
1304 1990 1413 2032 Hort.
1455 1986 1658 2046 Petrop.).
1698 1988 1802 2030 Inter

283 2069 486 2112 Vittoriam
523 2074 560 2110 et
588 2067 750 2110 Bahiam
786 2068 871 2124 leg.
914 2067 1028 2111 Sello
1051 2081 1105 2111 -ῃ,
1146 2066 1236 2110 »475
1276 2063 1420 2124 (Herh.
1460 2062 1640 2122 Berol.).

349 2175 457 2219 Var.
498 2170 542 2235 β.
584 2173 721 2217 ramis
757 2179 802 2217 et
819 2174 998 2232 vaginis
1024 2173 1237 2218 foliorum
1263 2171 1566 2222 scaberrimis,
1607 2170 1815 2236 bracteis·

290 2251 517 2312 spicarum
553 2249 655 2310 pilis
691 2249 952 2310 patentibus
986 2248 1353 2310 pubesceniibus.

358 2360 532 2404 Gaiana
564 2360 720 2419 qallz'ca
761 2359 917 2417 (Herh.
956 2359 1132 2419 Berol.)

360 2484 437 2527 14.
474 2483 510 2526 Ι.
553 2482 891 2525 bambusacea
925 2478 1068 2524 Keke.

358 2583 545 2629 Calathea
581 2585 850 2630 bambusacea
885 2586 1037 2643 Poepp.
1079 2592 1116 2629 et
1149 2585 1269 2629 Endl.
1311 2585 1408 2629 Nov.
1450 2597 1545 2642 gen.
1585 2589 1706 2640 etsp.
1746 2582 1804 2639 pl.

296 2659 340 2711 2,
382 2659 457 2704 23.
