1962 3080
1049 154 1114 205 84

393 273 615 317 Brasilio:
651 274 775 329 Prope
805 272 1038 316 Castelnovo
1064 273 1103 315 in
1123 272 1246 327 sylvis
1273 271 1473 315 umbrosis
1500 272 1693 314 montanis
1719 270 1835 315 Octo-

328 349 384 391 bri
411 356 448 391 et
473 347 687 391 Novembri
714 346 805 391 flor.
831 348 915 404 leg.
940 347 1082 390 Riedel
1108 361 1148 390 n.
1175 347 1281 391 547.
1317 346 1460 405 (Herb.
1489 346 1600 389 Hort.
1631 345 1832 406 Petrop.).

389 487 518 531 Folia
565 485 703 542 longe
741 482 978 543 petiolata;
1019 483 1213 542 petiolus
1250 498 1351 526 cum
1386 484 1554 540 vagina
1588 482 1726 540 longa
1766 497 1837 526 su-

324 577 464 623 perne
500 560 664 605 sensim
707 562 939 601 attenuata
975 558 1325 600 membranacea
1361 573 1501 616 usque
1538 556 1834 617 21-p0llicari

322 636 424 697 pilis
460 632 682 695 appressis
720 630 924 689 rigidulis
960 630 1228 691 praesertim
1263 630 1439 674 inferne
1478 630 1748 691 pubescens,
1778 627 1834 673 ad

296 711 501 771 --apicem
555 706 751 764 vaginae
805 704 1022 748 fasciculo
1076 704 1270 765 pilorum
1318 704 1521 755 villosus,
1561 718 1703 763 usque
1741 700 1831 762 372

322 785 513 847 pedalis,
555 782 745 826 articulo
799 780 961 841 apicali
1023 779 1312 837 longiusculo
1365 794 1504 838 usque
1559 782 1588 822 2
1624 778 1834 840 pollicari

323 878 455 928 supra
490 862 766 923 pubescente
805 865 1005 902 ceterum
1043 857 1201 915 glabro
1239 855 1334 900 basi
1369 857 1537 900 annulo
1574 857 1836 916 prominen-

323 949 366 984 te
403 938 680 1000 pubescente
719 938 887 984 cincto;
919 935 1087 978 lamina
1126 933 1573 994 elongato-elliptica
1608 933 1663 977 ad
1691 932 1836 977 basim

322 1016 540 1060 latissima
583 1014 735 1072 ibique
773 1011 920 1056 subito
957 1011 1002 1054 in
1039 1016 1214 1071 partem
1251 1015 1491 1067 angustam
1528 1024 1660 1067 supra
1696 1008 1839 1070 pube-

324 1097 524 1136 scentem
570 1089 790 1150 producta
829 1088 958 1148 apice
997 1086 1181 1145 oblique
1219 1086 1478 1130 acuminata
1516 1085 1669 1144 ibique
1705 1099 1838 1145 supra

326 1179 537 1226 appresse
575 1162 828 1223 pubescens
864 1176 1038 1204 summo
1077 1160 1207 1220 apice
1245 1158 1432 1202 barbata
1455 1164 1656 1201 ceterum
1683 1155 1839 1215 glabra

324 1240 368 1282 in
406 1238 527 1283 sicco
564 1236 814 1281 flavescens
850 1250 990 1294 usque
1044 1232 1160 1291 17¹),
1201 1232 1392 1293 pollices
1444 1231 1584 1289 longa
1620 1237 1665 1274 et
1698 1245 1838 1290 usque

324 1313 410 1373 4³5,
437 1312 628 1373 pollices
663 1310 770 1354 lata.
813 1308 962 1353 Caulis
1000 1308 1190 1366 (ramus)
1229 1306 1485 1364 elongatus,
1528 1309 1836 1366 compressus?

324 1390 425 1450 pilis
460 1388 668 1446 rigidulis
705 1400 978 1446 conspersus
1013 1384 1085 1428 vel
1122 1382 1452 1442 glabriusculus
1502 1382 1632 1441 apice
1679 1381 1838 1424 folium

324 1478 463 1507 unum
497 1462 570 1507 vel
607 1461 695 1505 duo
732 1459 960 1504 basalibus
998 1464 1042 1502 et
1074 1458 1221 1501 forma
1258 1462 1302 1500 et
1336 1455 1650 1513 magnitudine
1699 1454 1839 1498 simil-

325 1541 429 1584 lima
463 1539 534 1582 vel
570 1538 747 1581 minora
807 1543 941 1594 atque
995 1534 1143 1594 spicas
1181 1531 1417 1590 elongatas
1452 1531 1720 1592 plerumque
1756 1544 1838 1589 per

324 1615 540 1676 plurimas
574 1612 862 1657 fasciculatas
899 1610 1152 1671 proferens,
1183 1623 1324 1667 usque
1362 1606 1697 1667 25-pollicaris.
1738 1605 1838 1665 Spi-

324 1706 404 1734 cae
444 1688 499 1733 ad
534 1703 684 1731 ramos
721 1687 768 1730 in
803 1686 971 1744 vagina
1009 1684 1106 1728 solii
1143 1683 1333 1744 apicalis
1381 1681 1671 1726 fasciculatos
1707 1680 1837 1724 sessi-

322 1767 403 1817 les,
445 1765 658 1813 lineares,
701 1777 839 1821 usque
878 1760 966 1814 3¹]ss
996 1760 1257 1821 pollicares.
1297 1758 1428 1801 flami
1450 1765 1493 1801 et
1515 1756 1712 1801 rhaches
1749 1755 1839 1815 spi-

324 1855 479 1884 carum
518 1837 720 1896 glabrae.
768 1838 987 1880 Bracteae
1026 1834 1254 1892 oblongae
1290 1833 1364 1877 vel
1399 1832 1703 1882 lanceolatae,
1743 1845 1840 1874 mu-

321 1920 696 1960 cronato-acutae
735 1913 806 1956 vel
860 1912 1165 1960 acuminatae,
1207 1909 1410 1968 glabrae,
1452 1908 1582 1968 apice
1618 1921 1837 1950 nervoso-

321 1993 503 2037 striatae
542 1990 611 2033 vel
651 1989 819 2039 laeves,
860 1988 1364 2047 rigido-pergamenae,
1416 1983 1668 2033 involutae,
1710 1982 1837 2043 paul-

324 2067 369 2111 lo
404 2070 626 2115 remotae,
666 2061 984 2107 flavescentes.
1046 2061 1203 2104 Flores
1256 2058 1535 2108 subsessiles,
1576 2056 1665 2100 albi
1703 2056 1836 2115 (teste

318 2141 517 2199 Riedel).
563 2139 728 2200 Sepala
764 2140 849 2182 tria
886 2144 1076 2196 anguste
1115 2137 1333 2194 oblonga,
1377 2135 1552 2185 obtusa,
1586 2132 1761 2192 glabra,
1790 2133 1837 2176 in

323 2218 479 2262 tubum
539 2220 778 2274 angustum
816 2214 1078 2264 convoluta,
1119 2212 1486 2260 membranacea,
1527 2207 1832 2267 longiuscula,

322 2292 514 2337 maculis
548 2290 764 2334 brunneis
803 2304 1067 2349 conspersa.
1109 2287 1292 2332 Corolla
1330 2293 1375 2331 et
1410 2283 1681 2331 staminodia
1703 2283 1749 2327 in
1769 2288 1838 2327 tu-

321 2367 428 2411 bum
464 2369 705 2423 angustum
743 2362 898 2422 calyce
936 2362 1195 2419 longiorem
1233 2365 1446 2404 connata.
1487 2357 1641 2402 Petala
1675 2356 1836 2401 oblon-

324 2456 398 2500 ga,
441 2439 617 2492 obtusa,
659 2436 833 2496 glabra.
874 2435 1207 2479 Staminodium
1267 2443 1498 2478 externum
1534 2446 1674 2476 unum
1725 2429 1838 2475 obo-

321 2522 492 2567 vatum,
533 2510 1034 2558 rotundato-obtusum.
1077 2509 1360 2553 Staminodia
1397 2509 1577 2552 interna
1614 2520 1717 2550 cum
1751 2509 1839 2549 sta-

325 2589 446 2633 mine
501 2587 633 2631 fertili
691 2585 794 2636 tria3
846 2584 1060 2628 extimum
1116 2582 1352 2632 callosum,
1393 2581 1450 2625 ad
1484 2581 1675 2624 alterum
1725 2578 1842 2622 latus

324 2664 444 2709 callo
484 2665 601 2707 intus
636 2662 899 2724 porrigente
937 2660 1220 2709 instructum,
1261 2673 1394 2719 supra
1441 2657 1608 2701 callum
1662 2668 1841 2715 semper
