1962 3080
1021 140 1084 191 60

290 263 497 308 structus,
548 272 600 302 ex
635 257 831 302 bracteis
884 257 1135 318 apicalibus
1186 259 1385 305 ramulos
1419 262 1449 304 2
1484 259 1555 304 vel
1594 261 1619 304 3
1658 259 1799 304 inter-

290 331 394 375 dum
431 331 593 375 iterum
628 345 833 375 ramosos
868 331 1004 391 spicis
1039 332 1351 378 subsessilibus
1398 333 1795 394 paniculato-con-

289 405 427 465 gestis
461 411 649 451 onustos
705 404 1008 465 pubescentes
1042 406 1114 450 vel
1151 407 1394 466 puber-ulos
1430 423 1571 468 usque
1608 406 1663 451 ad
1699 407 1794 467 api-

288 495 389 524 cem
441 495 644 525 summae
699 478 853 540 spicae
889 479 917 523 8
953 479 1199 540 pollicares
1238 482 1311 525 vel
1362 481 1594 526 breviores
1645 480 1795 542 prose-

287 571 407 600 rens.
447 556 611 618 Spicae
647 554 854 613 singulae
889 556 1045 599 variae
1081 555 1396 614 longitudinis,
1427 573 1566 617 usque
1603 558 1632 600 2
1660 556 1793 617 polli-

285 647 426 676 cares.
485 633 705 676 Bracteae
764 630 1001 682 distichae,
1059 631 1305 682 secundae,
1346 632 1402 676 ad
1438 634 1628 678 alterum
1681 633 1796 676 latus

285 703 420 750 flores
456 705 680 756 foventes,
722 703 894 756 ovales,
937 704 1143 756 obtusae,
1198 705 1383 764 glabrae
1417 707 1491 750 vel
1525 706 1792 767 puberulae,

283 777 836 828 tenui-membranaceae,
876 778 923 820 in
960 778 1063 822 vivo
1091 778 1223 837 (teste
1247 778 1488 837 Steudner)
1515 778 1796 824 rubescenti-

282 853 496 906 flavidae,
547 854 595 898 in
648 854 771 898 sicco
825 852 1350 912 griseo-flavescentes.
1414 855 1571 899 Flores
1622 854 1791 913 gemini
1835 838 1841 844 .

281 930 480 975 breviter
514 929 795 991 pefficellati,
852 929 1088 990 pedicellis
1126 930 1309 988 glabris.
1371 930 1537 991 Sepala
1572 931 1598 974 3
1638 936 1789 981 ovata,

281 1013 431 1059 acuta,
473 1006 648 1065 glabra,
687 1005 1057 1058 membranacea,
1083 1006 1250 1067 pallide
1272 1006 1435 1052 viridia
1471 1006 1601 1067 apice
1637 1005 1795 1050 rubro-

281 1081 526 1126 maculata.
566 1080 719 1124 Petala
758 1095 859 1123 cum
896 1080 1180 1125 staminodiis
1207 1080 1639 1126 albo-violascentia
1660 1079 1792 1139 (teste

283 1155 543 1210 Steudner)‚
584 1154 686 1205 tria,
728 1153 896 1204 ovalia,
939 1153 1117 1205 obtusa,
1159 1154 1333 1213 glabra,
1371 1155 1502 1215 apice
1539 1153 1796 1197 rubro-ma-

282 1231 448 1276 culata.
491 1228 776 1274 Staminodia
812 1235 997 1272 externa
1034 1228 1122 1273 duo
1160 1228 1464 1281 obtusissima,
1516 1228 1698 1287 glabra,
1731 1228 1795 1272 al-

280 1314 428 1352 terum
461 1297 616 1368 paullo
649 1306 796 1366 majus
834 1304 1080 1350 obovatum
1132 1305 1294 1349 leviter
1341 1305 1691 1363 emarginatum,
1732 1305 1796 1349 al-

280 1391 426 1429 terum
464 1381 960 1440 obovato-oblongum.
1002 1381 1288 1425 Staminodia
1338 1382 1517 1425 interna
1574 1397 1674 1425 cum
1711 1387 1798 1425 sta-

280 1462 403 1506 mine
456 1460 593 1505 fertili
643 1459 748 1509 tria;
789 1459 1003 1502 extimum
1040 1458 1263 1502 callosum
1321 1458 1478 1510 latum,
1519 1457 1795 1518 subquadra-

278 1544 389 1589 tum,
428 1540 638 1580 truncato
676 1534 1030 1585 obtusissimum‚
1071 1533 1130 1578 ad
1166 1533 1358 1578 alterum
1385 1534 1501 1578 latus
1526 1533 1644 1577 callo
1665 1547 1793 1591 mag-

279 1627 339 1656 no
375 1611 495 1655 intus
530 1609 793 1671 porrigente
829 1608 1116 1659 instructum3
1159 1608 1369 1652 intimum
1425 1607 1700 1651 cucullatum
1737 1606 1793 1651 ad

279 1688 472 1732 alterum
508 1686 624 1730 latus
660 1685 978 1736 auriculatum,
1021 1684 1224 1729 auricula
1261 1685 1353 1729 lata
1373 1682 1565 1728 deflexa.
1606 1684 1790 1728 Stamen

278 1763 450 1808 fertile:
488 1761 691 1806 Anthera
726 1760 887 1812 libera,
929 1760 1184 1821 appendice
1241 1759 1504 1821 petaloidea
1554 1759 1789 1803 filamento

276 1855 417 1899 usque
454 1837 510 1881 ad
544 1837 687 1881 basim
725 1836 943 1881 antherae
980 1836 1162 1888 adnata,
1203 1852 1338 1897 quam
1393 1836 1583 1880 anthera
1633 1835 1788 1895 paullo

275 1913 505 1971 longiore.
529 1912 726 1956 Germen
763 1910 893 1971 apice
930 1910 1176 1971 pilosulum
1209 1909 1284 1954 vel
1319 1908 1660 1967 glaberrimum,
1685 1905 1786 1950 uni-

275 1985 495 2036 loculare,
537 1984 867 2035 uniovulatum,
894 1983 1166 2044 corpusculo
1191 1982 1476 2043 placentario
1498 1981 1781 2025 instructum.

276 2059 424 2121 Stylus
460 2058 739 2102 incurvatus.
779 2057 1018 2118 Spicarum
1053 2056 1200 2101 forma
1238 2062 1282 2100 et
1316 2055 1601 2099 bractearum
1635 2053 1784 2097 consi-

275 2132 439 2179 stentia
464 2131 668 2192 proxime
691 2130 869 2173 accedit
889 2128 945 2173 ad
966 2130 1217 2175 Marantam
1238 2127 1597 2189 leptostachyam
1616 2125 1781 2178 Keke.‚

274 2226 300 2255 a
336 2223 424 2270 qua
460 2206 610 2252 differt
643 2206 764 2250 foliis
800 2205 1035 2250 latioribus
1057 2205 1165 2265 (illis
1187 2205 1418 2248 Marantae
1438 2203 1784 2265 leptostachyae

276 2278 535 2339 similibus),
576 2277 918 2323 inflorescentia
952 2292 1132 2321 ramosa
1168 2277 1303 2337 spicis
1340 2275 1509 2320 crebris
1546 2280 1726 2320 onusta.

336 2394 414 2435 25.
456 2391 513 2435 Μ.
544 2387 917 2446 leptostachya
943 2387 1039 2444 Rgl.
1069 2392 1107 2430 et
1130 2386 1242 2429 che
1267 2387 1306 2429 in
1330 2386 1413 2429 ind.
1444 2400 1547 2431 sem.
1577 2387 1676 2429 hort.
1708 2385 1784 2428 Pe-

271 2465 412 2522 iropol.
444 2463 585 2513 1857,
614 2461 691 2505 32.
718 2461 831 2504 che
854 2460 892 2503 in
917 2460 1012 2517 Rgl.
1043 2458 1137 2503 Gtss.
1168 2457 1308 2507 1858,
1339 2457 1415 2502 80.

336 2573 546 2629 Phrymum
574 2570 885 2628 leptostaehyum
912 2569 1021 2612 llort.
1053 2569 1212 2625 Petrop.
1242 2568 1288 2612 C.
1319 2568 1425 2612 Koch
1451 2569 1486 2611 in
1515 2567 1625 2611 Berl.
1668 2567 1780 2624 Allg.

273 2649 372 2692 Gtzt.
403 2646 542 2696 4857,
576 2645 682 2689 147.
