1962 3080
900 89 998 141 145

253 219 328 263 62.
373 216 418 261 C.
459 213 699 259 albicans
724 210 801 253 Ad.
832 209 984 267 Brong.
1014 215 1113 251 teste
1140 207 1232 252 Gris
1262 208 1300 251 in
1326 208 1431 253 Ann.
1461 208 1501 251 d.
1532 221 1592 253 sc.
1620 214 1700 252 nat.

188 291 215 335 4
242 307 323 336 ser.
354 292 441 334 Boi.
472 290 558 340 Xll,
591 286 695 330 193.

203 417 207 422 ¹
253 402 331 444 63.
374 399 418 443 C.
457 399 694 441 modesta
731 395 808 437 Ad.
836 395 988 450 Brong.
1020 399 1116 436 teste
1144 391 1235 436 Gris
1261 393 1300 435 in
1325 391 1429 434 Anu.
1460 393 1498 435 d.
1531 406 1591 435 sc.
1620 399 1699 436 nat.

188 479 215 522 4
243 492 324 522 ser.
354 478 440 520 Bet.
471 474 558 524 XII,
588 473 699 516 1193.

733 619 900 674 Speczes
938 616 1158 665 eoeclusae,

247 762 294 806 C.
322 761 592 805 bambusacea
617 760 770 814 Poepp.
802 764 839 799 et
861 756 983 799 Endl.
1011 775 1075 793 =
1098 756 1384 812 Ischnosiphon
1408 756 1701 799 bambusaceus

374 836 504 879 che.
754 872 757 876 .

265 928 287 948 ι(
322 909 440 954 dubia
463 908 595 951 Lindl.
624 926 689 943 Ξ
710 906 998 962 Ischnosiphon
1024 905 1196 962 spicatas
1219 904 1349 948 che.

266 1000 288 1021 «
322 981 553 1026 fasciculata
579 979 711 1023 Presl.
740 999 804 1016 Ξ
831 979 1046 1034 Pliryniunl
1072 979 1348 1022 fasciculatum
1373 978 1502 1021 Keke.

265 1075 287 1095 «
315 1058 462 1113 juncea
488 1055 580 1113 Spr.
608 1074 673 1092 -—-
695 1054 1012 1110 Ischnuosiphon
1031 1053 1202 1109 junceus
1228 1054 1358 1097 che.

266 1154 284 1172 ι(
318 1135 406 1178 laxa
432 1134 581 1189 Poepp.
613 1137 650 1174 et
672 1131 793 1174 Endl.
822 1151 884 1167 z
909 1131 1196 1187 Ischnosiphon
1222 1131 1334 1173 laxus
1364 1129 1495 1172 che.

263 1227 285 1247 «
319 1208 565 1264 leucophaea
602 1207 753 1263 Poepp.
785 1212 822 1248 et
846 1205 966 1248 Endl.
1005 1224 1070 1242 z
1103 1205 1392 1262 lschnosiphon
1428 1205 1698 1261 leucophaeus

393 1284 524 1327 che.

262 1380 280 1398 «
315 1361 483 1404 Parkeri
511 1360 661 1415 Poepp.
692 1363 728 1400 et
751 1357 872 1400 Endl.
900 1376 964 1394 z
993 1357 1279 1414 Isclmosiphon
1307 1358 1472 1400 parkeri
1497 1356 1628 1400 Keke.

262 1453 279 1471 «
315 1433 361 1477 C.
388 1433 618 1490 polyphylla
645 1432 796 1488 Poepp.
829 1437 865 1473 et
890 1430 1008 1474 Endl.
1039 1450 1103 1468 Ξ
1126 1431 1413 1488 Isclmosiphon
1439 1429 1696 1488 polyphyllus

366 1507 494 1550 che.

259 1602 277 1619 «
311 1580 562 1624 rotundisolia
595 1580 746 1637 Poepp.
775 1586 812 1623 et
835 1578 957 1623 Endl.
995 1599 1059 1616 -τ-
1093 1579 1381 1636 Ischnosiphon
1405 1577 1689 1622 rotundifolius

368 1655 496 1698 che.

237 1804 617 1849 MONOSTICHE
652 1803 796 1851 che,
835 1804 883 1848 in
917 1804 1021 1862 Rgl.
1059 1802 1163 1848 Gtss.
1207 1804 1346 1855 1858,
1388 1805 1447 1847 76
1476 1810 1516 1847 et
1540 1804 1618 1848 88.

237 1945 521 1990 Staminodia
569 1951 753 1990 externa
787 1945 930 1996 nulla;
990 1944 1251 1989 staminodii
1289 1944 1437 1988 intimi
1475 1944 1690 1988 cucullati

175 2018 377 2065 auricula
413 2019 619 2080 simplex3
676 2017 867 2062 anthera
900 2032 1044 2077 usque
1098 2017 1156 2060 ad
1191 2016 1391 2061 medium
1445 2016 1689 2078 appendici

174 2097 462 2158 petaloideae
500 2098 682 2142 adnata.
725 2124 782 2129 —
818 2095 1001 2140 Hcrhae
1037 2095 1286 2157 simplices.
1342 2093 1688 2140 Inflorescentia

172 2173 386 2234 simplex,
427 2172 901 2235 capitato-conferta;
940 2172 1137 2217 bracteis
1172 2171 1372 2232 undique
1410 2171 1687 2230 divergenti-

171 2250 271 2295 bus.
311 2249 459 2293 Tubus
496 2251 696 2295 corollae
731 2249 1046 2308 longiusculus
1083 2254 1128 2293 et
1162 2248 1481 2307 subaugustus.
1522 2247 1687 2292 Stami-

169 2325 413 2370 nodiorum
448 2325 729 2370 internorum
767 2326 981 2370 extimum
1026 2324 1147 2369 callo
1184 2323 1440 2368 minusculo
1494 2322 1551 2367 ad
1585 2322 1682 2367 fila-

169 2406 373 2445 mentum
409 2400 593 2451 adnato,
634 2401 893 2446 staminodii
929 2401 1077 2445 intimi
1112 2399 1327 2445 cucullati
1353 2399 1558 2443 auricula
1583 2397 1684 2442 des-

170 2477 386 2527 cendens,
427 2476 544 2520 infra
570 2477 820 2521 auriculam
851 2477 1058 2536 margine
1094 2476 1384 2537 prominente
1414 2480 1459 2520 et
1483 2474 1562 2519 sub
1590 2473 1682 2519 cal-

164 2552 283 2597 loso.
339 2552 577 2613 Appendix
612 2552 877 2613 petaloidea
913 2553 1116 2598 staminis
1152 2551 1422 2613 majuscula.
1474 2550 1680 2612 Stylisto-

163 2628 295 2671 matis
330 2629 523 2672 truncati
560 2643 720 2689 margo
757 2627 927 2673 inferus
963 2644 1123 2690 parum
1158 2627 1421 2690 productus.

234 2699 284 2744 M
324 2703 366 2744 1.
410 2703 545 2745 1862.
1424 2699 1482 2743 10
