1962 3080
877 63 946 113 55

156 185 423 248 pollicarem
474 189 519 227 et
557 183 815 239 longiorem
852 180 1109 240 ampliatus,
1151 180 1282 240 apice
1319 179 1511 223 articulo
1548 179 1663 222 ullra

157 260 366 321 pollicari
392 272 523 318 supra
558 255 740 299 hirtello
778 261 980 299 ceterum
1016 255 1176 313 glabro
1212 255 1496 298 terminatus.
1535 254 1668 297 Paui-

159 336 262 380 cula
313 333 493 379 diffussa
545 330 600 374 ad
654 330 840 374 modum
887 331 1119 375 Marantae
1170 330 1450 388 sanguineae
1498 329 1663 380 che.‚

160 408 415 470 pedunculo
467 405 569 466 pilis
623 405 772 463 longis
807 405 1013 463 rigidulis
1048 405 1225 449 inferne
1261 404 1434 448 hirsuto
1471 419 1666 465 superne

157 483 336 532 villoso,
382 482 578 538 .4¹s2—5
631 479 839 539 pollicari
894 485 938 522 et
977 479 1206 537 longiore.
1245 478 1445 522 Rhachis
1481 479 1666 538 ejusque

157 558 267 602 rami
293 556 396 617 pilis
420 555 606 599 arrectis
632 554 836 612 rigidulis
863 554 1115 615 pubescens
1178 557 1398 598 Bracteae
1435 553 1664 612 oblongae

157 632 228 676 vel
278 631 490 681 lineares,
530 629 771 673 inferiores
807 629 1070 687 elongatae,
1112 629 1385 689 apiculaiae,
1427 627 1667 688 condupli-

155 713 301 757 eatae,
330 705 597 766 praesertim
638 704 842 762 margine
879 705 981 765 pilis
1017 705 1166 762 longis
1201 705 1407 762 rigidulis
1442 704 1659 766 hirsutae,
1699 753 1701 757 .

153 795 291 840 usque
317 779 407 838 4¹s2
446 778 706 840 pollicares.
747 778 1012 821 Bracteolae
1050 778 1138 821 illis
1175 778 1344 822 similes
1380 777 1457 821 sed
1482 776 1663 826 brevio-

153 869 239 904 res,
295 860 344 897 ut
382 853 597 896 bracteae
646 867 747 896 cuin
784 851 962 895 anthesi
1000 851 1241 895 deciduae.
1298 850 1544 895 Pedunculi
1582 847 1666 893 sso-

151 944 250 972 rum
275 943 378 972 cum
419 927 655 988 pedicellis
692 926 971 984 glabrisculi.
1012 926 1169 971 Flores
1205 927 1252 970 in
1289 925 1548 986 pedunculo
1585 939 1666 983 ge-

153 1006 280 1057 mini,
311 1006 426 1049 alter
459 1004 657 1048 breviter
690 1004 805 1047 alter
839 1003 1104 1047 brevissime
1141 1003 1458 1064 pedicellatus.
1498 1003 1663 1063 Sepala

152 1079 371 1137 oblonga,
403 1077 578 1127 obtusa,
615 1077 1009 1128 nervoso-striata,
1061 1077 1329 1137 majuscula.
1370 1076 1524 1120 Pelala
1561 1090 1662 1119 cum

151 1153 434 1199 staminodiis
459 1152 679 1196 intubum
714 1151 900 1196 brevem
937 1161 1150 1203 connata,
1194 1158 1234 1197 el
1256 1151 1414 1211 glabra
1441 1151 1665 1209 oblonga,.

154 1228 330 1279 obtusa,
354 1241 547 1288 superne
566 1225 787 1270 brunnea.
814 1225 1097 1270 Staminodia
1124 1232 1307 1270 externa
1334 1225 1439 1276 duo,
1481 1224 1664 1286 spathu-

151 1302 258 1352 lala‚
314 1300 502 1345 internis
560 1299 715 1360 paullo
751 1299 981 1357 longiora.
1024 1299 1309 1344 Staminodia
1346 1300 1525 1343 interna
1561 1314 1661 1342 cum

150 1379 340 1423 stamine
393 1376 529 1421 fertili
579 1375 680 1426 tria,
737 1375 1024 1433 longitudine
1078 1376 1389 1435 subaequalia:
1447 1376 1660 1418 extimum

149 1451 365 1496 callosum
418 1448 801 1499 lato-obovatum,
851 1448 906 1492 ad
942 1449 1133 1493 alterum
1186 1450 1299 1493 latus
1337 1451 1453 1493 callo
1493 1464 1659 1505 magno

147 1529 265 1572 intus
316 1526 579 1587 porrigente
626 1525 908 1569 instructum:
948 1524 1156 1568 iminium
1194 1525 1470 1568 cucullatum
1507 1523 1561 1567 ad
1600 1525 1661 1567 al‘

147 1609 291 1646 lerum
310 1601 426 1644 latus
444 1599 647 1643 auricula
668 1597 841 1642 deflexa
862 1598 1145 1648 instructum,
1171 1615 1364 1655 superne
1386 1599 1656 1642 lirunsseunl.

147 1675 333 1719 Stamen
384 1673 549 1717 fertile:
609 1671 810 1715 Antliera
868 1671 1027 1722 libera,
1091 1672 1343 1733 appendice
1400 1670 1658 1732 petaloidea

146 1750 347 1807 oblonga
398 1747 631 1791 filamento
684 1762 825 1806 usque
878 1747 932 1790 ad
985 1747 1221 1791 anthei-am
1266 1747 1431 1791 adnata
1466 1762 1660 1807 superne

145 1822 364 1866 hrunnea.
391 1821 539 1886 Stylus
557 1820 833 1864 incurvatus.
860 1821 1056 1865 Gerinen
1092 1822 1194 1882 pilis
1231 1819 1662 1865 albido—ssavescen-

145 1897 262 1941 tibus
303 1894 765 1955 arrecto-patentibus
802 1895 968 1954 ubique
1007 1895 1144 1940 dense
1182 1895 1408 1946 villosum,
1451 1895 1658 1938 unilocu-

144 1970 256 2020 lare,
310 1967 639 2018 uuiovulatum,
700 1968 972 2028 corpusculo
1031 1969 1313 2029 placentario
1371 1969 1655 2012 instructum.

147 2046 183 2087 A
233 2043 436 2085 Maranta
470 2041 723 2100 sanguinea
759 2041 902 2087 che.
940 2042 1073 2086 facile
1112 2042 1394 2100 dignoscilm·
1430 2042 1656 2102 pilositale

144 2106 409 2174 vaginarum
474 2114 838 2175 pedunculorum
889 2114 1192 2167 braciaerum,
1251 2126 1295 2159 et
1345 2116 1464 2159 i'oliis
1518 2115 1658 2158 multo

147 2190 381 2235 latioribus
417 2196 462 2235 et
511 2189 794 2234 brevioribus
840 2189 954 2249 (non
992 2190 1487 2249 elongato·ol›loagis);
1528 2205 1658 2251 prae-

147 2274 272 2312 terea
320 2267 600 2311 staininodiis
654 2267 848 2311 externis
898 2268 1162 2328 majoribus,
1209 2283 1326 2328 quae
1375 2268 1421 2310 in
1455 2266 1512 2309 M.
1555 2282 1656 2311 san-

145 2341 311 2399 guinea
364 2339 506 2384 che.
546 2356 767 2401 perparva
804 2347 848 2384 el
882 2342 1071 2385 internis
1097 2342 1272 2385 minora
1311 2340 1522 2384 evadunt.

279 2507 324 2548 Β.
359 2505 630 2548 Stmm'node‘a
653 2508 734 2550 [luo
754 2513 940 2550 externa
966 2507 1135 2565 reliquis
1164 2507 1380 2551 breviora.
1409 2519 1652 2562 perparva,

348 2596 435 2624 non
462 2580 777 2637 labelle'fbrmia.
