1962 3080
1003 162 1101 213 112

295 284 348 328 ad
386 284 562 344 apicem
601 298 746 343 aeque
777 281 866 325 lata
902 281 974 324 vel
1012 280 1071 324 ibi
1110 280 1258 324 latior.
1293 280 1402 341 S1yli
1441 279 1644 323 stomatis
1682 286 1803 324 [run-

294 360 380 403 caii
418 373 577 417 margo
613 359 758 403 infera
794 372 886 401 non
923 357 1186 418 productus.
1211 356 1403 417 Capsula
1427 356 1795 406 membranacea,

290 433 544 493 trisperma.
586 433 753 477 Semen
791 429 1036 490 (semper?)
1076 429 1383 474 exarillosum.

770 549 1033 606 Conspectus
1068 549 1322 605 specierum.

862 671 902 713 1.
944 669 1226 714 Eucalathea.

352 789 571 832 Bracleae
608 787 848 838 distichae,
903 793 1028 830 recta
1085 786 1204 829 linea
1241 785 1496 846 oppositae,
1557 786 1796 835 lateritiae,

286 878 610 923 pergamenae.
652 863 728 923 Sp.
774 867 792 906 1
827 888 884 894 -—
910 864 957 905 4.

591 987 637 1028 2.
678 987 869 1043 Anquste
902 985 969 1028 vel
1001 983 1247 1027 brevissime
1281 982 1492 1040 spz'catae.

353 1101 571 1144 Bracteae
615 1100 686 1144 vel
739 1099 960 1143 distichae
1012 1105 1136 1142 recta
1190 1099 1312 1142 linea
1367 1098 1606 1159 oppositae
1643 1106 1688 1141 et
1722 1113 1800 1158 pro

287 1177 465 1220 ratione
519 1176 774 1236 specierum
831 1175 1116 1234 sequentium
1169 1175 1539 1224 remotiusculae,
1578 1174 1650 1218 vel
1701 1189 1800 1234 per-

287 1268 463 1315 paucae
502 1252 637 1311 (duae
664 1258 868 1296 tantum?
894 1251 1025 1296 valde
1047 1252 1428 1312 approximatae),
1454 1250 1636 1301 virides,
1662 1265 1802 1294 niem-

288 1329 561 1374 hranaceae.
603 1329 767 1390 Spicae
817 1327 1100 1389 pedunculus
1136 1327 1428 1384 longissimus
1464 1327 1664 1397 gracilis,
1706 1326 1804 1370 eso-

287 1404 436 1448 limus.
478 1403 554 1464 Sp.
595 1406 623 1447 5
652 1428 708 1435 -—
736 1404 780 1445 6.

833 1522 876 1564 3.
921 1522 1252 1580 Gramlz'florae.

348 1637 506 1681 Flores
540 1637 712 1695 magni,
754 1635 1028 1680 staminodia
1065 1635 1153 1679 duo
1191 1636 1356 1679 extima
1393 1636 1605 1682 maxima:
1646 1637 1797 1697 spicae

286 1710 588 1755 subhasilares
624 1709 697 1754 vel
730 1709 930 1753 breviter
970 1708 1323 1769 pedunculatae,
1362 1707 1661 1770 pauciflorae,
1700 1709 1800 1754 hra-

288 1791 416 1828 cle'ae
455 1790 529 1827 aut
567 1783 751 1827 infimae
806 1783 989 1827 summis
1027 1782 1120 1826 fere
1153 1781 1341 1826 ‹limi-dio
1392 1782 1641 1834 breviores,
1684 1798 1799 1827 sem—

286 1875 367 1920 per
404 1860 460 1918 (?)
499 1857 822 1902 subdistichae.

351 1973 403 2015 Α.
446 1971 594 2015 Caulis
630 1969 863 2031 perbrevis
889 1968 962 2013 vel
998 1968 1196 2012 breviter
1231 1982 1412 2028 repens;
1453 1966 1563 2010 solia
1601 1966 1797 2027 cespilo-

424 2062 472 2090 sa
508 2046 551 2089 in
588 2045 741 2090 medio
779 2045 925 2106 spicas
960 2044 1138 2089 sessiles
1163 2044 1234 2088 vel
1261 2042 1587 2104 pedunculatas
1624 2042 1794 2103 pedun-

425 2123 538 2166 culis
574 2121 704 2165 nudis
739 2121 1037 2165 includentia.

488 2244 530 2272 a.
570 2228 733 2289 Spicae
770 2225 1122 2287 pedunculatae‚
1147 2225 1408 2286 pedunculo
1445 2225 1580 2285 spicis
1617 2224 1797 2282 longio-

557 2321 604 2349 re
639 2304 712 2349 vel
748 2319 825 2348 eas
861 2303 1190 2363 subaequante.
1232 2303 1308 2363 Sp.
1350 2305 1375 2346 7
1405 2329 1461 2334 —-
1492 2303 1567 2346 10.

488 2412 533 2456 b.
574 2413 737 2474 Spicae
775 2411 1054 2457 subsessiles.
1095 2411 1171 2472 Sp.
1217 2411 1268 2454 11
1301 2437 1358 2443 -—
1391 2413 1464 2454 14.

351 2523 398 2566 B.
441 2521 591 2565 Caulis
626 2536 806 2582 repens,
847 2519 958 2564 folia
995 2519 1198 2564 solitaria
1236 2526 1281 2563 et
1314 2519 1465 2579 spicas
1519 2515 1796 2578 pedunculae

424 2602 491 2640 tas
527 2595 794 2657 pedunculis
830 2595 1026 2653 vaginas
1072 2593 1417 2638 bracteiformes
1452 2592 1524 2636 vel
1562 2590 1799 2651 sqamisor-

424 2686 519 2716 mes
554 2669 817 2729 gerentibus
853 2669 1089 2730 proferens
1151 2669 1227 2729 Sp.
1271 2670 1327 2712 15
1356 2694 1411 2700 —
1444 2668 1517 2710 16.
