1962 3080
972 111 1067 162 130

329 230 502 275 Maranta
538 231 688 275 clavata
724 229 916 273 Arrabida
960 231 1022 275 ΓΙ.
1063 231 1192 276 Flum.
1235 233 1279 283 4,
1319 233 1396 276 tab.
1439 232 1483 277 9.
1542 232 1777 292 (Pbrynium

266 308 457 351 clavatum
497 306 543 351 C.
583 307 692 351 Koch
730 309 767 351 in
804 307 917 351 Berl.
956 308 1069 365 Allg.
1111 307 1210 351 Gtzt.
1252 308 1393 361 4857,
1433 307 1599 368 4474).

335 400 523 443 Brasilz'a
559 415 681 458 prope
715 401 788 444 Rio
824 400 984 444 Janeiro
1022 402 1107 458 leg.
1149 401 1403 447 Gaudicliaml
1442 403 1586 463 (Herb.
1616 403 1779 464 Berol.)

263 484 298 520 et
333 478 475 520 Riedel
513 491 553 519 n.
595 476 704 520 867.
742 476 889 534 (Herb.
929 477 1040 521 Hort.
1081 477 1283 538 Petrop.).

332 580 409 623 29.
453 581 496 624 C.
537 579 773 635 latifolia
810 577 876 623 Kl.
918 579 956 621 in
981 579 1097 622 Rich.
1139 579 1423 638 Schomburgk
1458 581 1570 625 Reis.
1611 584 1649 625 in
1674 582 1774 627 Brit.

263 655 407 700 Guian.
446 655 516 707 ΙΙΙ,
558 654 647 698 918
685 669 753 712 pro
790 663 915 712 parte.

327 751 471 809 Alpina
505 751 670 795 latifolia
706 751 830 797 Herb.
869 751 1014 795 Willd.
1054 765 1095 795 n.
1138 751 1212 795 20.

328 845 468 890 Thalia
505 845 671 888 latifolia
705 845 781 888 Lk.
819 844 956 888 Jahrb.
997 844 1120 887 Roem
1175 851 1212 886 et
1248 842 1405 887 Schult.
1446 843 1566 888 Mam.
1621 846 1659 889 in
1695 846 1776 888 vol.

266 925 311 975 4,
351 923 429 969 40.

330 1007 471 1051 Foliis
508 1006 737 1067 ellipticis,
778 1006 908 1067 apice
936 1006 1168 1051 subsubito
1205 1006 1495 1058 acuminatis,
1535 1006 1631 1052 basi
1669 1023 1776 1053 acu-

264 1081 335 1133 tis,
392 1095 524 1141 supra
576 1079 824 1141 puberulis,
881 1079 1033 1124 subtus
1086 1080 1286 1124 molliter
1329 1080 1683 1141 pubescentibus
1733 1090 1778 1126 et

265 1174 407 1202 nervo
444 1157 595 1201 medio
622 1157 813 1204 hirsuto:
854 1156 1049 1201 bracteis
1074 1157 1291 1202 latissime
1319 1157 1544 1210 obovatis,
1586 1157 1783 1202 obtusis-

265 1233 405 1285 simis,
444 1232 695 1294 puberulis.

334 1329 488 1386 Caripe
522 1330 561 1372 in
597 1329 796 1372 umbrosis
831 1330 916 1385 leg.
957 1328 1174 1371 Ilumboldt
1208 1335 1245 1371 et
1279 1327 1486 1386 Bonpland
1518 1328 1614 1385 (ΙΙΙ).
1638 1328 1782 1374 Willd.

267 1411 304 1447 et
338 1402 476 1446 Berol.
516 1415 611 1460 gen.
652 1415 697 1446 ex
732 1403 858 1446 Herb.
897 1401 1029 1446 Kunth
1059 1400 1213 1460 allat.).

331 1504 542 1565 Suppetit
575 1503 621 1547 in
657 1502 798 1548 Herb.
852 1502 1148 1548 Willdenow.
1206 1502 1385 1547 Folium
1442 1509 1486 1548 et
1537 1503 1679 1565 spica,
1738 1504 1782 1549 in

266 1577 409 1622 Herb.
448 1576 618 1621 Kunth.
659 1577 849 1621 alterum
887 1576 1048 1621 folium
1069 1583 1115 1621 et
1139 1577 1280 1638 spica.
1323 1577 1592 1636 Congruunt
1628 1578 1782 1639 spicae

268 1654 469 1716 quidem,
507 1653 619 1698 folia
653 1659 809 1698 tamen
844 1669 935 1699 non
973 1653 1176 1714 ejusdem
1212 1653 1386 1715 speciei
1423 1659 1541 1698 sunt.
1572 1654 1787 1714 Sequitur

269 1728 407 1787 igitur
442 1727 688 1788 descriptio
724 1727 987 1788 speciminis
1022 1726 1360 1772 Willdenowii:
1400 1727 1580 1772 Folium
1618 1727 1787 1788 ellipti-

269 1817 389 1854 cum,
446 1801 577 1862 apice
633 1800 868 1845 subsubito
907 1801 1235 1853 acuminatum,
1274 1800 1372 1845 basi
1410 1807 1610 1853 acutum,
1650 1814 1784 1861 supra

267 1875 371 1937 pilis
406 1874 619 1919 brevibus
654 1873 966 1936 subappressis
1001 1875 1167 1935 sparsis
1201 1873 1471 1935 puberulum
1507 1889 1650 1918 nervo
1686 1888 1783 1917 me-

271 1950 346 1995 ‹lio
384 1949 565 1995 densius
600 1948 900 2011 pubescente,
939 1948 1092 1994 subtus
1128 1949 1232 2011 pilis
1267 1947 1552 2007 longioribus
1583 1947 1787 1992 molliter

269 2026 524 2089 pubescens
559 2041 700 2071 nervo
736 2025 890 2070 medio
926 2026 1194 2087 praesertim
1229 2025 1408 2070 inferne
1432 2023 1626 2074 hirsuto,
1659 2026 1778 2084 16ῐ]2

268 2100 461 2163 pollices
512 2099 718 2158 longum,
761 2102 787 2143 7
824 2099 1017 2160 pollices
1066 2100 1226 2145 latum.
1281 2099 1449 2160 Spicae
1501 2098 1786 2161 pedunculus

268 2177 342 2222 vix
376 2175 637 2238 puberulus,
678 2175 902 2236 aphyllus,
943 2178 970 2220 7
1005 2176 1266 2237 pollicares.
1321 2175 1458 2236 Spica
1511 2173 1780 2235 cylindrica,

274 2251 537 2312 1³s4—21]2
575 2250 825 2312 pollicaris.
862 2251 1082 2294 Bracteae
1117 2248 1608 2302 latissime-obovatae,
1651 2248 1782 2294 obtu-

272 2327 492 2378 sissimae,
532 2324 799 2387 puberulae‚
840 2324 1099 2386 superiores
1152 2338 1286 2384 quam
1339 2322 1580 2368 inferiores
1615 2323 1782 2368 sensim

272 2405 404 2449 altius
439 2404 637 2448 insertae
675 2417 840 2461 easque
877 2406 1159 2462 superantes.
1198 2400 1356 2444 Flores
1391 2400 1440 2444 in
1467 2399 1654 2461 capsula
1673 2414 1785 2443 con-

273 2480 455 2526 servati.
495 2478 661 2540 Sepala
695 2476 914 2535 oblonga,
954 2475 1132 2528 obtusa,
1172 2474 1346 2534 glabra.
1386 2473 1535 2519 Tubus
1577 2473 1782 2518 corollae

269 2557 358 2602 illis
392 2570 549 2618 parum
586 2553 786 2612 longior,
827 2552 1000 2611 glaber.
1039 2551 1195 2597 Petala
1221 2550 1440 2609 oblonga,
1471 2550 1649 2604 obtusa,
1674 2564 1776 2595 cum

273 2628 555 2676 staminodiis
590 2627 765 2686 glabra.
