1962 3080
1000 138 1065 188 62

275 256 462 316 glabris.
503 256 668 318 Sepala
703 257 788 300 tria
825 254 1043 315 oblonga,
1085 258 1380 309 acufiusculn,
1421 259 1596 318 glabra,
1621 263 1777 305 5-ner-

270 333 362 382 via,
401 330 950 382 tenui-membranacea,
990 331 1403 391 hyalino-albida,
1461 335 1591 396 apice
1628 334 1778 380 fusco-

270 404 515 455 maculata,
574 402 859 462 longitudine
906 404 1126 448 corollae.
1166 405 1319 450 Pe1ala
1355 423 1457 451 cum
1494 408 1777 453 staminodiis

266 479 314 524 in
349 477 504 522 tubum
561 477 746 521 brevem
797 483 1012 528 connata,
1053 477 1271 537 oblonga,
1313 480 1490 533 obtusa,
1530 482 1660 543 apice
1697 498 1752 526 cu

267 554 450 605 cullata,
506 552 681 611 glabra,
738 551 1122 612 hyalino-albida,
1162 553 1292 614 apice
1344 554 1471 600 fusco
1522 558 1768 607 maculata,

262 628 548 688 longitudine
584 627 866 672 staminodiis
902 628 1130 687 aequalia.
1171 629 1455 676 Staminodia
1491 633 1666 691 glabra,
1698 648 1772 677 ex-

263 711 394 750 terna
431 705 519 748 duo
557 703 1002 762 oblongo-obovata,
1044 720 1137 748 non
1172 705 1510 752 labelliformia.
1541 710 1769 754 Stamino-

263 781 337 826 dia
371 783 549 826 interna
586 789 687 824 cum
725 780 916 824 stamine
967 780 1103 824 fertili
1139 781 1244 831 tria;
1285 783 1497 827 extimum
1549 785 1768 830 callosum

263 859 547 920 quadratum,
586 856 1193 910 truncato-obtusissimumq
1221 857 1277 901 ad
1313 858 1503 903 alterum
1539 861 1654 906 lalus
1677 862 1766 906 cal-

259 937 304 981 lo
340 949 509 993 magno
546 935 665 978 intus
699 934 962 994 porrigente
1012 934 1295 978 instructum.
1336 934 1666 981 Staminodium
1702 938 1770 982 in-

260 1013 419 1055 timum
455 1009 730 1054 cucullatum
767 1008 824 1052 ad
859 1009 1052 1053 alterum
1086 1009 1201 1053 latus
1233 1010 1439 1054 auricula
1477 1011 1568 1054 lata
1594 1011 1766 1056 deflexa

260 1086 543 1134 instructum,
585 1082 714 1142 apice
751 1081 942 1125 fuscum.
983 1082 1168 1127 Stamen
1205 1082 1378 1127 fertile:
1418 1084 1620 1128 Anthera
1654 1085 1768 1130 libe-

260 1174 326 1209 ra,
367 1156 620 1218 appendice
672 1155 933 1215 petaloidea
968 1171 1108 1215 usque
1147 1156 1203 1200 ad
1238 1156 1379 1200 basim
1417 1157 1635 1202 antherae
1671 1158 1770 1202 fila-

256 1237 410 1277 mento
450 1230 616 1275 adnata
654 1229 856 1287 oblonga
893 1230 1022 1290 apice
1059 1229 1184 1274 fusca
1221 1229 1459 1274 antheram
1503 1231 1657 1291 paullo
1693 1248 1764 1277 su—

262 1312 468 1369 perante,
511 1305 657 1366 Stylus
693 1305 823 1365 apice
860 1304 1092 1348 infractus.
1141 1304 1337 1348 Germen
1388 1305 1491 1365 pilis
1543 1307 1767 1366 appress'ls

254 1382 404 1440 longis
442 1379 602 1424 albidis
637 1379 865 1427 villosum,
904 1379 1207 1429 uniloculare‚
1235 1379 1546 1423 uniovula‘tum
1585 1388 1629 1423 et
1663 1397 1764 1424 cor-

254 1458 442 1519 pusculo
478 1455 762 1516 placentario
800 1455 1082 1498 instructum.
1108 1480 1165 1485 —-
1188 1453 1254 1498 Ab
1277 1454 1650 1499 antecedentibus
1671 1463 1761 1499 sla-

259 1539 354 1575 lura
392 1529 550 1573 humili
578 1534 622 1572 et
646 1527 766 1571 soliis
802 1527 983 1571 hirsutis
1021 1526 1094 1587 (iis
1130 1528 1361 1571 Marantae
1398 1526 1614 1572 bicoloris
1650 1529 1755 1572 Ker.

258 1608 399 1650 forma
437 1600 762 1659 subsimilihus)
798 1601 1015 1645 facillime
1069 1600 1364 1658 dignoscitur.
1407 1600 1494 1644 Sed
1529 1601 1760 1646 Marantae

255 1680 524 1738 glumaceae
560 1690 602 1717 v,
642 1675 830 1725 Houste,
873 1675 998 1734 cujus
1034 1673 1194 1717 folium
1229 1680 1402 1718 tantum
1437 1674 1545 1724 vidi,
1608 1676 1759 1720 forsan

250 1753 383 1796 nimis
436 1749 600 1794 affinis.
625 1779 628 1783 -
657 1747 819 1792 Differt
854 1747 910 1792 ab
947 1762 1002 1791 ea
1035 1748 1160 1808 spica
1214 1749 1416 1792 solitaria
1464 1748 1569 1807 (nec
1605 1749 1757 1809 thyrso

251 1825 545 1886 composito).

312 1934 390 1976 27.
431 1931 490 1974 M.
529 1932 804 1987 qlumacea
838 1941 876 1972 v.
910 1928 1051 1970 lloutte
1075 1928 1117 1970 in
1139 1929 1239 1971 hort.
1270 1935 1306 1971 et
1330 1929 1388 1972 lit.

312 2026 450 2071 Thalia
485 2025 697 2082 glumacea
723 2023 769 2067 C.
809 2023 919 2066 Koch
944 2024 982 2065 in
1020 2022 1130 2066 Berl.
1170 2023 1283 2081 Allg.
1325 2023 1422 2077 Gtzt‚
1465 2023 1605 2073 1857,
1654 2025 1755 2068 503.

248 2105 445 2148 Steudner
469 2103 508 2145 in
533 2115 624 2157 app.
655 2099 836 2157 Calalog.
866 2101 963 2142 hort.
995 2099 1133 2144 Berol.
1165 2101 1304 2144 1857.
1352 2100 1425 2144 40.

316 2209 536 2255 Foliorum
562 2205 736 2249 laminis
754 2205 1022 2262 praesertim
1045 2219 1186 2263 supra
1222 2205 1424 2253 hirsuti&
1463 2207 1612 2263 thyrso
1650 2221 1762 2249 com-

237 2293 399 2343 postte.

312 2394 439 2437 Patria
464 2391 684 2435 verisimile
708 2389 892 2434 America
918 2391 1206 2434 meridionalis.

382 2497 431 2541 B.
475 2497 684 2539 Braczeae
710 2495 972 2547 chartaceae,
1014 2494 1244 2551 rz'qidzores
1284 2492 1480 2553 (obtusae
1512 2494 1578 2536 vel
1610 2501 1763 2536 aculae

444 2570 511 2613 vel
535 2569 805 2612 acumz'notae
826 2567 1008 2625 glabrae
1042 2567 1109 2610 vel
1129 2567 1234 2624 plus
1258 2567 1403 2611 minus
1425 2566 1620 2626 setosae),
1658 2566 1762 2609 viri-

444 2648 534 2696 des,
561 2647 856 2702 persistentes,
884 2645 1090 2702 S—florae.
