1962 3080
1032 189 1129 240 102

319 295 524 352 glabrata
563 307 607 345 et
639 303 796 346 nitida.
839 304 1036 352 Germen
1090 307 1227 354 dense
1278 311 1508 361 villosum,
1549 311 1824 366 triloculare,

314 372 622 421 triovulatum.
664 378 828 439 Sepala
854 381 1063 434 linearia,
1094 385 1225 446 apice
1255 387 1475 438 involuta,
1510 387 1823 448 pubescentia,

313 446 421 492 tubo
458 453 660 497 corollae
697 454 856 513 glabro
894 457 1122 518 longiora.
1163 461 1317 506 Petala
1338 479 1492 507 versus
1530 464 1708 524 apicem
1744 479 1827 525 pu-

313 520 485 569 berula.
527 528 790 573 Examinavi
849 529 985 577 flores
1046 536 1307 595 speciminis
1365 537 1723 582 Reinwardtiani
1780 539 1827 582 in

314 597 453 644 Herb.
494 603 648 648 Holm.

375 713 419 754 2.
464 715 583 759 Phr.
615 721 977 777 parviflorum
1011 724 1135 768 Roxb.
1176 726 1239 769 Fl.
1279 728 1362 769 ind.
1408 728 1449 777 1,
1480 727 1523 770 7.
1562 727 1684 770 Rosc.
1727 724 1827 769 Scit.

310 787 389 829 tab.
433 790 509 833 34.

375 889 546 936 Maranta
584 896 791 950 parvissora
826 900 873 944 Α.
915 901 1038 946 Dietr.
1082 918 1142 960 sp.
1184 904 1241 960 pl.
1286 904 1330 954 1,
1370 903 1446 948 30.

376 990 586 1046 Phrynium
642 998 898 1045 densiflorum
953 1003 1099 1047 Moritzi
1154 1008 1192 1047 in
1237 1007 1293 1062 pl.
1330 1007 1479 1049 exsicc.
1520 1005 1743 1062 Zollinger.
1783 1018 1823 1046 n.

312 1064 432 1109 2338
470 1083 544 1112 nec
580 1086 619 1115 n.
662 1074 751 1120 423
792 1091 864 1120 nec
902 1079 1063 1124 Blume.

374 1165 586 1224 Benyalm
623 1175 861 1220 orientalis.
901 1179 1015 1222 Javo
1064 1182 1149 1238 leg.
1189 1182 1400 1238 Zollinger
1436 1196 1474 1224 11.
1518 1179 1641 1225 2338
1682 1179 1822 1238 (Herb.

311 1239 446 1285 Berol.
489 1254 523 1288 el
560 1248 885 1312 Turezaninow).

372 1337 615 1398 Plirynium
669 1347 962 1405 parviflorum
1020 1351 1164 1396 Roxb.
1205 1368 1229 1396 a
1266 1352 1368 1396 Phr.
1409 1352 1610 1413 capitato
1663 1348 1824 1395 Willd-

307 1411 649 1461 inflorescentia
677 1427 721 1463 et
745 1420 899 1468 habitu
937 1426 1069 1470 valde
1106 1427 1232 1471 affini
1271 1426 1443 1471 differt:
1483 1425 1688 1485 germine
1726 1423 1824 1482 gla-

308 1486 388 1531 bro
444 1491 549 1548 (nec
597 1494 781 1555 villoso)
834 1501 1102 1546 uniovulato
1157 1502 1263 1561 (nec
1316 1500 1600 1557 triovulato)‚
1659 1498 1824 1560 sepaliS

308 1560 475 1618 glabris
533 1566 637 1622 (nec
693 1570 1066 1635 pubescentibus)
1120 1576 1229 1620 tubo
1283 1575 1485 1621 corollae
1538 1572 1823 1618 brevioribus

307 1638 412 1691 (nec
464 1640 786 1704 longioribus),
844 1650 1010 1710 sepalis
1062 1651 1231 1710 glabris
1286 1652 1391 1710 (nec
1429 1666 1582 1695 versus
1641 1649 1821 1710 apicem

305 1711 574 1773 puberulis).
616 1718 858 1779 Praeterea
912 1724 1033 1769 foliis
1071 1727 1209 1770 etiam
1247 1725 1477 1770 differunt.
1516 1725 1567 1768 In
1602 1723 1705 1767 Phr.
1747 1737 1822 1766 ca-

305 1783 449 1843 pitato
487 1787 562 1831 W.
604 1793 726 1835 enim
778 1794 888 1839 folia
943 1796 1059 1856 (basi
1114 1804 1248 1842 acuta
1295 1797 1577 1857 marginibus
1615 1794 1820 1852 arcuata)

305 1863 484 1907 tenuius
520 1867 874 1916 membranacea
895 1873 941 1916 in
967 1875 1091 1919 sicco
1128 1890 1262 1937 supra
1300 1880 1498 1919 saturate
1536 1873 1689 1917 subtus
1723 1871 1821 1932 pal-

303 1935 393 1981 lide
430 1940 591 1985 viridia
630 1947 780 1990 nervis
815 1947 1080 1995 lateralibus
1132 1950 1285 1995 subtus
1337 1965 1496 2011 parum
1553 1964 1688 2010 supra
1724 1962 1819 1992 non

301 2011 376 2054 vel
425 2013 498 2056 vix
549 2018 929 2075 prominentibus,
976 2023 1023 2067 in
1057 2023 1161 2069 Phr.
1216 2022 1463 2085 parvissoro
1514 2022 1659 2067 Roxb.
1702 2020 1818 2082 (basi

304 2083 462 2130 obtusa
497 2086 695 2135 breviter
727 2095 980 2156 protracta)
1017 2097 1206 2156 rigidius
1241 2097 1596 2141 membranacea
1621 2096 1668 2139 in
1693 2096 1817 2139 sicco

301 2162 511 2223 utrinque
548 2165 667 2211 laete
706 2168 936 2232 (ssavid0-)
971 2174 1135 2218 viridia
1186 2174 1335 2219 nervis
1380 2173 1643 2218 lateralibus
1678 2173 1818 2216 utrin-

303 2251 390 2295 que
428 2239 663 2285 evidenter
703 2247 1063 2304 prominentibus
1101 2248 1314 2293 evadunt.
1357 2249 1565 2308 Denique
1602 2247 1816 2291 bracteae

303 2317 347 2353 et
383 2313 537 2372 spicae
573 2315 620 2359 in
657 2317 757 2364 Phr.
798 2321 999 2381 capitato
1034 2322 1111 2367 W.
1151 2324 1351 2384 majores
1387 2330 1432 2368 et
1466 2324 1513 2368 in
1549 2323 1673 2368 sicco
1727 2321 1817 2367 fus-

303 2399 400 2434 cae,
443 2386 489 2430 in
524 2388 626 2433 Phr.
668 2391 914 2452 parvifloro
964 2395 1110 2440 Roxb.
1165 2397 1367 2442 minores
1422 2398 1656 2442 densiores
1692 2402 1737 2440 et
1769 2396 1818 2440 in

301 2459 423 2504 sicco
462 2461 762 2511 flavescentes
799 2469 1012 2515 evadunt.
1050 2471 1318 2517 Examinavi
1368 2471 1504 2517 flores
1556 2470 1818 2533 speciminis

301 2535 408 2579 culti
446 2552 470 2580 a
509 2538 565 2582 cl.
607 2539 846 2602 Shepherd
896 2560 948 2588 ex
997 2545 1131 2591 horto
1183 2547 1449 2608 Liverpool.
1506 2545 1630 2590 missi
1683 2550 1818 2604 atque

302 2615 542 2672 spontanei
581 2630 606 2658 a
645 2616 701 2661 cl.
743 2618 976 2678 Zollinger
1028 2621 1107 2666 sub
1163 2638 1209 2666 n.
1258 2625 1385 2668 2338
1442 2622 1604 2684 (Herb.
1643 2621 1819 2679 Berol.)

300 2686 422 2730 lecti.
