1962 3080
798 153 861 203 (59

74 274 284 335 utrinque
311 279 582 322 truncatum,
613 270 946 329 subtrigonum‚
986 272 1301 331 irregulariter
1328 280 1581 316 transverse

71 348 418 398 tuberculatum,
443 345 749 394 emi-illosum,
777 344 871 389 basi
909 344 1036 389 disco
1064 346 1308 390 orbiculari
1331 346 1582 390 umbonato

71 423 353 467 instructum.
380 419 753 477 ——Dignoscitur
807 434 829 462 a
881 419 1087 464 Maranta
1132 420 1401 464 Moritziana
1437 420 1584 480 primo

71 498 286 560 adspectu
339 496 459 540 foliis
512 495 800 553 longioribus
843 497 1199 555 angustioribus,
1240 513 1266 541 a
1302 498 1360 541 M.
1401 497 1585 540 cristata

70 575 125 618 N.
156 580 200 618 et
220 574 279 617 M.
309 572 429 616 soliis
455 572 527 615 vel
554 572 765 631 utrinque
792 572 865 615 vel
905 588 1040 633 supra
1078 572 1191 632 (non
1227 573 1373 617 solum
1411 570 1582 629 subtus)

68 648 418 712 pubescentibus
472 654 515 692 et
565 649 751 709 capsula
788 648 945 705 glabra
982 650 1096 708 (non
1133 655 1584 709 squamoso-tomen-

68 725 204 782 tosa),
259 740 285 768 a
326 725 384 768 M.
426 725 688 768 unilalerali
729 726 781 768 D.
822 725 964 768 Dietr.
1006 725 1126 769 foliis
1165 725 1503 784 angustioribus
1541 731 1583 767 et

65 802 194 846 caule
230 801 403 845 hirsuto
439 801 512 844 vel
548 800 707 858 glabro
745 801 856 858 (non
900 804 1197 858 tomenloso).

128 916 204 959 35.
236 914 294 958 M.
325 913 556 957 cristata
584 911 692 956 Nees
719 920 755 955 et
780 913 892 956 Mart.
924 915 959 956 in
988 914 1086 957 Nm.
1117 915 1204 958 Act.
1250 915 1445 972 Leopold.
1487 922 1579 958 [cini.

67 990 140 1040 Μ,
164 1002 273 1046 pars.
309 989 344 1035 1.
378 1002 473 1045 pag.
516 988 592 1031 25.
1290 982 1294 983 ⁷

123 1085 340 1129 Brasilia:
361 1086 419 1129 Ad
438 1087 540 1129 viam
562 1078 838 1128 Felisbertiam
861 1086 1072 1128 Decembri
1095 1087 1178 1143 leg.
1206 1087 1339 1129 Princ.
1363 1084 1578 1128 Nenwied.

124 1187 195 1228 An
245 1190 368 1227 recle
420 1183 508 1227 huc
551 1183 802 1227 collocata?
839 1187 877 1228 A
912 1185 1120 1229 Maranta
1154 1186 1483 1236 arundinacea,
1525 1184 1581 1228 ad

59 1274 196 1319 quam
246 1266 427 1302 autores
474 1257 763 1302 celeberrimi
804 1259 1027 1304 accedere
1065 1260 1184 1304 hanc
1221 1261 1423 1322 speciem
1460 1260 1579 1303 affir-

56 1338 198 1384 mant,
238 1331 327 1376 hoc
359 1331 586 1389 subgenus
622 1347 758 1391 quam
795 1333 990 1376 maxime
1028 1332 1194 1378 differt.

123 1442 197 1485 36.
232 1441 289 1484 Μ.
320 1439 674 1483 nnz‘lateralz‘s
700 1441 750 1484 D.
782 1442 908 1485 Dietr.
940 1442 1114 1498 Synops.
1152 1444 1191 1492 l,
1251 1445 1293 1486 ὅ.

119 1546 258 1589 Thalia
280 1545 525 1589 unilateralis
548 1544 872 1602 Popp.etE11dl.
903 1545 1004 1590 Nov.
1034 1560 1128 1604 gen.
1160 1554 1211 1590 61..
1243 1563 1304 1604 sp.
1335 1549 1390 1605 pl.
1420 1548 1464 1598 2,
1498 1547 1572 1591 24.

53 1620 133 1662 tab.
163 1619 273 1662 133.

115 1715 299 1759 Peruvz'a
336 1715 587 1759 orientalis:
621 1716 665 1760 In
690 1716 787 1773 ripis
813 1715 990 1760 fluminis
1016 1717 1212 1772 Hnallaya
1239 1718 1340 1759 locis
1367 1717 1575 1772 sylvestri-

49 1790 123 1832 bus
143 1803 282 1832 versus
301 1789 593 1834 Embarcadero
613 1792 661 1834 de
681 1791 863 1835 Tovache
890 1791 1114 1849 Septembri
1141 1790 1233 1834 flor.
1258 1793 1343 1849 leg.
1374 1792 1570 1849 Poeppig.

115 1903 192 1946 37.
233 1902 290 1946 M.
320 1902 604 1946 hescantka
630 1904 681 1946 1).
711 1904 836 1946 Dietr.
869 1902 1045 1960 Synop5.
1075 1905 1121 1955 1,
1164 1907 1207 1948 6.

116 2002 258 2046 Thalia
302 2003 494 2047 hexantha
522 2004 673 2060 Poepp.
715 2010 753 2046 et
787 2002 909 2047 Endl.
948 2003 1052 2048 Nov.
1093 2018 1189 2061 gen.
1231 2011 1282 2048 et.
1324 2021 1386 2062 sp.
1426 2008 1485 2064 pl.
1527 2008 1570 2058 2,

55 2078 132 2129 24,
161 2079 240 2122 tab.
271 2079 379 2122 432.

114 2178 326 2223 Brasz'lia:
363 2180 406 2222 ln
430 2181 655 2236 provinciae
680 2181 846 2238 Magnas
873 2182 997 2237 sylvis
1024 2183 1195 2226 humidis
1222 2184 1269 2226 ad
1307 2183 1572 2232 Yurimaonas

51 2250 264 2294 Februario
286 2251 371 2308 leg.
396 2252 575 2310 Poeppig
594 2267 634 2295 n.
662 2254 784 2298 2250
812 2252 954 2313 (Herb.
983 2255 1154 2298 vindob.
1184 2262 1221 2298 et
1246 2256 1426 2315 Berol.).

117 2360 376 2404 costae-ica.-
401 2362 604 2419 Aguacate
622 2365 800 2423 Augusto
827 2366 911 2423 leg.
954 2366 1121 2411 Carolus
1157 2368 1361 2410 lloffinann
1398 2383 1436 2411 11.
1479 2369 1570 2413 850

47 2436 186 2494 (Herb.
222 2437 401 2496 Berol.).

108 2546 250 2589 Flores
276 2545 366 2590 ssavi
392 2554 492 2589 teste
516 2547 738 2592 lloss'mami.

109 2658 154 2700 5.
196 2657 369 2713 Species
397 2657 585 2702 incertae
609 2661 737 2704 seclis.
