1962 3080
943 98 963 149 1
977 98 1040 148 42

223 225 317 268 gum
355 213 458 270 Ega,
499 213 740 258 Amazonum
796 213 915 259 ssnvio
969 219 1253 262 conterminum
1305 219 1478 264 Jamario
1523 219 1614 265 ssor.
1655 223 1739 280 leg.

226 289 422 347 Poeppig.

287 395 366 437 51.
410 393 455 437 C.
497 410 698 439 comosa
733 396 866 440 Lindl.
908 397 997 440 1301.
1038 399 1142 456 Reg.
1183 400 1231 442 ad
1267 400 1348 444 tab.
1387 400 1510 445 1210
1546 402 1585 444 in
1621 407 1740 445 textu.
1822 407 1825 409 ’

287 504 461 548 Marauta
495 519 656 549 comosa
690 506 738 550 L.
778 507 838 551 fil.
880 508 1015 564 suppl.
1056 522 1150 566 pag.
1192 509 1251 553 80
1293 511 1395 569 (Non
1431 511 1549 570 vidi).

285 605 475 660 Myrisma
511 606 602 650 120
638 619 737 649 nova
773 606 948 651 Maranta
985 621 1146 652 comosa
1183 609 1346 666 suppl.‘?
1370 611 1553 655 Linnein
1574 613 1741 656 Amoen.

222 681 348 724 Acad.
389 681 434 733 8,
475 680 597 726 251?

286 779 485 836 Myrosma
521 793 683 825 comosa
720 780 814 838 Spr.
853 787 952 838 syst.
992 795 1085 839 veg.
1127 782 1173 834 1,
1215 781 1259 825 9.

289 880 516 935 Phrynium
545 894 753 924 comosum
788 881 913 926 Rose.
956 881 1056 926 Scit.
1096 882 1177 926 tab.
1217 883 1293 927 35.

291 976 523 1020 Surinam.

285 1086 364 1130 52.
408 1085 453 1130 C.
488 1086 898 1144 pachystachya
934 1086 1079 1131 che.

287 1197 504 1253 Phrynium
539 1198 874 1255 pacbystaebyum
915 1199 1063 1258 Poepp.
1104 1206 1140 1244 et
1175 1199 1296 1244 Endl.
1337 1200 1436 1244 Nov.
1470 1215 1566 1258 gen.
1609 1208 1645 1246 et
1680 1217 1743 1260 sp.

223 1273 281 1331 pl.
324 1275 370 1326 2,
411 1274 488 1326 19,
527 1274 608 1318 tab.
651 1275 760 1318 127.

285 1371 477 1416 Peruvz'a
512 1372 766 1417 orientalis.-
806 1374 849 1417 In
886 1374 1012 1430 sylvis
1063 1375 1236 1418 humidis
1289 1375 1366 1419 loci
1420 1377 1454 1419 el
1512 1377 1662 1433 annio
1698 1378 1746 1421 ad

222 1449 429 1506 praedium
466 1450 715 1507 Pampayaeo
752 1451 970 1494 Februario
1006 1449 1097 1494 ssor.
1139 1451 1224 1509 leg.
1264 1451 1443 1510 Poeppig
1487 1453 1630 1509 (Herb.
1652 1453 1750 1497 Vin-

223 1525 317 1571 dob.
359 1532 396 1569 et
429 1525 551 1570 Berol
576 1526 612 1586 ).

287 1642 367 1688 53.
410 1642 455 1686 C.
495 1657 768 1701 aryyraea
805 1642 949 1688 Keke.

285 1754 460 1799 Maranta
494 1766 690 1812 argyraea
725 1755 839 1799 Hort.

288 1853 430 1899 Foliis
467 1854 682 1916 ellipticis
720 1854 784 1915 (in
824 1854 1150 1917 speciminibus
1186 1854 1337 1917 parvis
1363 1859 1554 1913 anguste
1580 1855 1744 1900 oblon-

224 1927 330 1988 gis),
370 1928 418 1972 in
441 1927 587 1973 basim
615 1929 978 1974 obtusiusculam
1017 1929 1251 1975 subsubito
1280 1929 1569 1982 acuminatiS,
1609 1945 1743 1991 supra

221 2001 441 2047 viridibus
477 2004 522 2047 e't
541 2002 710 2063 pallide
746 2009 1004 2048 transverse
1040 2003 1259 2056 fasciatis,
1300 2003 1454 2049 subtus
1480 2003 1744 2062 sanguineis

222 2076 297 2120 vel
331 2075 727 2122 viridescentibuS.
787 2077 951 2122 Petioli
1006 2083 1051 2122 et
1083 2078 1280 2136 vaginae
1316 2093 1472 2122 versus
1509 2078 1741 2136 margines

222 2151 459 2214 puberuli,
499 2150 588 2212 4¹s4
627 2152 891 2213 pollicares.
948 2153 1079 2197 Folia
1116 2151 1206 2214 672
1244 2153 1357 2214 poll.
1412 2153 1554 2212 longa
1591 2158 1637 2197 et
1671 2169 1745 2198 us-

225 2242 312 2287 que
348 2224 434 2287 374
476 2226 587 2288 poll.
627 2227 738 2271 lata.
762 2254 820 2260 —
847 2227 897 2272 C.
939 2227 1132 2272 eximiae
1170 2227 1348 2272 affinis?

286 2325 339 2371 E.
379 2326 548 2384 Species
583 2327 680 2370 huic
714 2327 898 2371 sectioni
928 2327 1124 2387 affines?

290 2436 369 2480 54.
412 2434 458 2481 C.
497 2436 848 2493 chrysoleuccz
885 2435 1030 2481 che.

289 2535 504 2590 Phrynium
542 2535 848 2592 ehrysoleueum
884 2536 1035 2593 Poepp.
1077 2542 1114 2580 et
1147 2536 1268 2580 Endl.
1325 2537 1424 2581 Nov.
1466 2551 1562 2594 gen.
1604 2543 1641 2579 et
1677 2552 1738 2595 sp.

228 2610 284 2667 pl.
326 2609 371 2660 2,
412 2608 488 2652 19.
