1962 3080
1058 59 1157 111 144

482 182 551 225 xit.
593 180 785 238 Congruit
820 181 937 224 etiam
972 192 1061 223 cum
1091 181 1162 224 illa
1187 182 1325 238 specie
1349 182 1521 226 bracteis
1547 182 1746 233 foliaoeis‚
1786 183 1862 226 dif-

481 258 553 300 fert
585 270 678 300 vero
716 257 821 301 foliis
858 257 981 300 multo
1034 257 1248 314 majoribus
1300 258 1509 302 latioribus
1561 264 1600 301 et
1634 259 1862 316 peduneulo

480 335 641 391 glabro.

403 445 454 488 F.
496 445 665 503 Species
702 445 895 488 iconibus
930 444 1055 488 malis
1092 449 1265 488 tantum
1298 451 1444 489 notae.

402 553 480 595 57.
523 550 569 595 C.
608 550 951 607 monophylla
983 548 1128 594 che.

399 646 573 690 Maranta
599 646 854 703 monophylla
878 645 1074 689 Arrabida
1097 645 1162 687 Fl.
1191 644 1322 688 Flum.
1356 644 1401 696 4,
1428 645 1510 688 tab.
1540 645 1618 688 44.

401 743 615 798 Phrynium
655 743 956 800 monophyllum
992 741 1039 786 C.
1069 741 1179 786 Koch
1207 741 1246 784 in
1278 741 1392 785 Berl.
1422 741 1534 799 Allg.
1571 741 1673 786 Gtzt.
1707 741 1852 795 4857,

336 819 444 864 147.

397 918 435 961 Β
440 918 591 961 rasz'lia
601 952 610 960 .

397 1027 475 1072 58.
519 1026 565 1071 C.
604 1025 873 1069 Arrabz’cla
908 1023 1054 1068 che.

395 1127 568 1171 Maranta
595 1127 783 1170 tuberosa
807 1125 1001 1169 Arrabida
1027 1125 1091 1170 ΡΙ.
1120 1124 1255 1168 Flum.
1286 1124 1331 1175 4,
1360 1124 1441 1167 tab.
1472 1124 1548 1168 13.

396 1227 612 1283 Phrynium
638 1227 867 1270 tuberosum
897 1223 943 1268 C.
964 1223 1075 1267 Koch
1100 1224 1139 1266 in
1158 1223 1272 1266 Berl.
1302 1221 1417 1280 Allg.
1442 1222 1543 1267 Gtzt.
1569 1221 1710 1275 4857,
1738 1222 1847 1267 147.

394 1326 609 1370 Brasilz'a.

394 1436 448 1480 G.
489 1435 660 1493 Species
695 1434 866 1478 nomine
904 1441 1076 1478 tantum
1111 1440 1257 1477 notae.

391 1542 470 1586 59.
513 1539 558 1584 C.
598 1538 780 1584 Rossz‘z'
809 1537 955 1582 che.

389 1642 604 1699 Phrynium
640 1641 772 1684 Rossii
796 1639 926 1684 Lodd.
957 1639 1042 1684 Cat.
1072 1654 1117 1684 ex
1144 1640 1280 1685 Sweet
1302 1640 1413 1685 I-Iort.
1443 1639 1541 1683 Brit.
1568 1641 1634 1683 ed.
1659 1640 1704 1692 3,
1735 1638 1844 1684 658.

388 1748 603 1793 Brasilz’a.
665 1768 667 1771 ·

387 1855 562 1899 Forsan
599 1853 758 1898 eadem
797 1859 932 1913 atque
971 1852 1190 1897 Calathea
1241 1852 1449 1897 violacea
1501 1850 1634 1895 Lindl
1663 1884 1673 1901 ‚
1718 1864 1744 1893 a
1781 1849 1838 1894 cl.

322 1931 438 1977 Ross
473 1932 520 1975 in
555 1930 712 1974 hortos
749 1929 933 1988 anglica
969 1928 1248 1973 introducta.

386 2038 463 2081 60.
506 2035 552 2080 C.
591 2034 860 2079 littoralis
895 2033 1039 2077 che.

388 2144 603 2201 Phrynium
628 2144 799 2188 litterale
824 2142 1037 2185 Ledebour
1063 2155 1107 2185 ex
1133 2141 1269 2185 Sweet
1291 2141 1403 2186 Ilort.
1434 2141 1534 2184 Brit.
1565 2142 1629 2185 ed.
1650 2141 1695 2193 3,
1727 2139 1836 2184 658.

385 2251 601 2296 Brasz’lz'a.

385 2364 434 2406 In
470 2361 698 2406 Herbario
734 2358 1011 2404 Ledebourii
1049 2358 1191 2403 deest.

384 2476 462 2518 61.
507 2474 553 2519 C.
593 2472 788 2518 nobilis
820 2470 964 2515 che.
1688 2536 1691 2540 Δ

387 2586 599 2640 Phrynium
626 2585 762 2628 nobile
789 2583 834 2628 C.
863 2583 973 2627 Koch
997 2584 1034 2626 in
1061 2582 1175 2625 Berl.
1204 2581 1316 2637 Aug.
1348 2581 1446 2625 Gtzt.
1478 2579 1619 2633 4857,
1650 2579 1756 2623 147.
