1962 3080
831 155 898 207 85

107 277 439 327 brevissimum;
480 273 801 320 staminodlum
838 273 1047 317 intimum
1083 273 1373 324 cucullatum,
1415 273 1469 318 ad
1505 272 1616 319 alte—

106 369 201 399 rum
255 354 373 397 latus
425 352 470 395 in
507 349 758 393 auriculam
811 364 986 393 sursum
1040 356 1271 396 curvatam
1329 350 1614 410 productum.

107 429 293 474 Stamen
328 426 499 472 fertile:
541 424 732 469 anthera
768 424 1013 476 sublibera,
1056 425 1224 477 albida3
1251 424 1504 485 appendice
1540 440 1618 486 pe-

107 502 306 548 taloidea
359 500 593 544 filamento
648 514 789 559 usque
842 514 999 560 parum
1053 515 1187 559 supra
1222 498 1441 542 antherae
1476 498 1621 543 hasim

108 577 273 622 adnata
309 575 462 634 ibique
499 579 709 618 truncata
744 575 898 634 itaque
933 589 1068 634 quam
1115 573 1304 617 anthera
1339 573 1482 616 multo
1520 572 1621 617 bre-

106 654 249 703 viore,
293 657 500 709 angusta.
543 651 740 694 Germen
777 652 907 711 apice
942 650 1140 693 breviter
1174 650 1445 709 pubescens,
1470 649 1620 692 unilo-

107 727 275 776 culm-e,
316 726 651 770 uniovulatum.
677 724 1104 785 ——Ischnosiphoni
1144 723 1245 768 laxo
1282 724 1503 784 proxima;
1543 723 1622 767 sed

107 798 257 845 differt
311 799 448 860 spicis
500 800 768 859 plerumque
804 798 945 842 multo
982 795 1387 848 numerosioribus,
1427 795 1623 839 bracteis

108 874 404 926 acutioribus,
451 874 629 932 vaginis
681 874 893 918 soliorum
950 873 1067 916 intus
1121 871 1438 930 glabriusculis
1489 871 1620 932 apice

107 950 513 1003 villoso—barbatis,
559 951 677 995 soliis
716 951 903 994 omnino
946 948 1231 1007 longioribus
1269 954 1312 992 et
1349 948 1621 1006 angustiori-

106 1025 188 1069 bus
225 1025 270 1068 in
308 1025 431 1068 sicco
469 1023 833 1068 flavescentibus.

170 1157 216 1198 4.
257 1157 291 1199 I.
333 1156 497 1198 laturus
531 1152 674 1197 che.

171 1295 354 1339 Calathea
392 1295 475 1337 laxa
513 1294 664 1349 Poepp.
706 1300 743 1336 et
767 1293 887 1336 Endl.
930 1292 1026 1335 Nov.
1069 1292 1171 1336 Gen.
1213 1301 1249 1334 et
1275 1307 1336 1348 sp.
1378 1291 1435 1348 pl.
1468 1292 1512 1341 2,
1544 1291 1619 1337 22.

107 1370 186 1414 tab.
231 1370 333 1413 ⁴130.

170 1501 342 1546 Maranta
378 1501 464 1545 laxa
501 1501 551 1543 D.
590 1500 719 1543 Dietr.
761 1500 936 1556 Synops.
987 1501 1022 1543 Ι.
1066 1501 1109 1543 7.

167 1630 339 1674 Maranta
375 1627 557 1685 obliqua?
594 1628 765 1672 Senbert
799 1629 837 1670 in
875 1629 930 1684 pl.
972 1628 1165 1685 Kappler.
1207 1629 1354 1671 exsicc.
1395 1641 1435 1669 n.
1482 1626 1624 1675 1335,

106 1719 178 1748 nec
214 1706 372 1757 Rudqe.

169 1826 500 1886 Ischnosiphon
541 1826 866 1870 Seubertianus
902 1826 1044 1870 che.
1085 1827 1186 1870 Mss.

171 1950 311 1995 Caule
350 1957 395 1995 et
431 1951 614 2012 petiolis
657 1951 755 2012 plus
793 1952 941 1996 minus
977 1951 1383 2012 rigido-puberulis
1420 1952 1491 1996 vel
1528 1952 1624 2010 gla-

107 2025 220 2076 bris;
271 2027 442 2085 vaqz'nis
485 2027 696 2083 foliorum
731 2043 920 2085 superne
957 2028 1077 2071 intus
1115 2043 1321 2085 oppresse
1353 2028 1626 2084 pubescenti-

111 2103 186 2146 bus
222 2104 337 2160 apice
371 2103 557 2162 ylabrz's:
616 2103 811 2147 bracteis
848 2104 1074 2163 spicarum
1114 2103 1283 2149 obtusis
1320 2103 1392 2147 vel
1429 2103 1625 2147 acutius-

113 2177 242 2221 culis.

175 2289 388 2333 Brasilia:
427 2291 543 2336 Prov.
585 2293 686 2336 Para
722 2293 760 2335 in
784 2293 924 2335 vicinis
962 2291 1167 2336 Santarem
1204 2291 1383 2348 Augusto
1418 2289 1509 2334 flor.
1540 2291 1624 2347 leg.

113 2365 268 2422 Spruce
306 2363 498 2423 (Maranta
531 2368 577 2410 2.
618 2368 743 2411 Herb.
784 2368 894 2411 Hert.
936 2368 1079 2424 Petrop
1104 2365 1140 2424 ).
1199 2367 1266 2410 Pr.
1311 2366 1502 2410 Jaoohine
1538 2366 1625 2423 leg.

113 2440 309 2484 Blanchet
333 2455 372 2483 n.
398 2440 537 2485 3344.
563 2442 705 2499 (Herb.
736 2443 848 2486 Hort.
879 2443 1062 2500 peu-op„
1087 2443 1247 2492 Bel-oh,
1270 2442 1484 2497 Vindoh.).
1514 2442 1628 2485 Matto

115 2535 274 2579 grosso:
329 2520 466 2565 Mauso
515 2535 554 2563 n.
597 2521 670 2565 92.
714 2521 859 2580 (Herb.
888 2520 1104 2580 Vindob.).
1160 2519 1343 2564 Peruvia
1384 2519 1628 2563 orientalis:

114 2595 157 2638 In
181 2595 305 2650 sylvis
342 2594 541 2638 umbrosis
577 2596 712 2651 opacis
737 2597 786 2639 ad
810 2596 1040 2640 Missionem
1067 2595 1249 2639 Tocache
1272 2593 1388 2637 Junio
1422 2592 1512 2637 flor.
1542 2594 1627 2650 leg.

118 2673 296 2728 Poeppig
334 2669 477 2720 (Herb.
520 2670 699 2727 Berol.).
759 2672 987 2716 Surinam:
1041 2674 1096 2715 Ad
1137 2672 1293 2716 radices
1343 2671 1528 2715 montium
1565 2683 1628 2726 pr.
