1962 3080
841 157 938 208 109

134 294 215 323 cae
253 278 545 324 brevissimae
582 277 627 320 in
664 275 909 336 capitulum
947 274 1134 318 densum
1172 274 1467 338 fasciculatae
1520 282 1640 321 sunt.

134 355 315 415 Phrynii
351 351 736 413 hrachystachyos
771 350 914 395 che.
961 350 1212 411 specimina
1265 350 1496 396 fructifera
1549 359 1650 396 tan-

139 437 232 474 tum
258 430 366 474 vidi.
390 427 637 472 Pedunculi
664 427 890 471 fructuum
917 427 1054 471 crassi
1080 427 1225 484 glabri
1258 425 1305 487 ¹!'4
1329 428 1497 487 pollice
1526 429 1656 489 paul-

137 504 179 548 lo
218 503 449 561 longiores
484 501 692 545 bracteas
729 507 946 561 superant
982 506 1027 544 et
1062 515 1255 561 superne
1291 501 1347 544 ad
1383 501 1526 546 hasim
1573 518 1652 562 pe-

134 576 401 620 dicellorum
437 574 810 618 brevissimorum
846 574 893 617 in
929 573 1115 618 modum
1157 574 1342 636 Phrynii
1395 574 1648 619 dichotomi

135 649 260 692 Roxb
328 647 572 691 bracteolis
624 647 858 708 perparvis
910 647 1055 691 ovatis
1109 648 1268 691 crassis
1322 648 1470 692 ornati
1523 655 1642 692 sunt.

134 723 320 766 Fructus
356 721 500 778 glabri
539 721 836 765 crassiuscule
872 721 1074 765 coriacei
1113 720 1178 780 (in
1202 722 1306 766 vivo
1334 721 1641 781 subcarnosw)

134 799 176 842 in
215 798 337 842 sicco
375 798 682 842 exsiccatione
726 797 881 856 rugosi
934 797 1161 857 trispermi
1216 797 1380 842 abortu
1432 798 1646 859 dispermi

132 873 268 916 etiam
306 879 441 932 alque
486 873 796 933 monospermi
855 871 1069 916 evadunt.
1128 872 1295 917 Semen
1348 874 1411 917 illi
1465 874 1647 934 Phrynii

133 945 384 990 ‹lichotomi
416 945 562 990 Roxh.
601 945 733 990 valde
770 945 934 996 simile,
975 945 1265 989 exarillosum
1302 947 1436 990 sulcis
1471 948 1646 1005 irregu-

133 1022 299 1066 laribus
336 1022 510 1067 levibus
546 1023 831 1074 instructum,
871 1021 1020 1066 canali
1057 1022 1176 1066 inter
1211 1037 1342 1067 crura
1390 1022 1651 1083 embryonis

129 1096 301 1139 curvati
350 1095 563 1156 bipartita
615 1095 816 1156 partibus
855 1095 992 1139 rectis
1035 1110 1229 1155 superne
1267 1110 1361 1140 non
1398 1097 1642 1157 ampliatis.

128 1171 347 1214 Bracteae
401 1177 581 1222 ovatae,
641 1170 848 1219 obtusae,
905 1185 1156 1220 concavae,
1215 1170 1408 1229 rigidae,
1469 1172 1539 1215 vix
1594 1165 1643 1231 ἧς

135 1245 378 1305 pollicares
414 1246 485 1290 vel
521 1246 774 1291 breviores.

279 1366 447 1423 Species
483 1366 673 1410 incertae
704 1366 900 1424 patriae,
938 1365 1109 1410 nomine
1147 1374 1320 1410 tantum
1361 1375 1505 1412 nolae.

194 1489 272 1530 20.
330 1487 449 1531 Phr.
516 1489 765 1531 blandum
818 1487 864 1531 C.
922 1488 1046 1530 Koch.
1103 1490 1140 1530 in
1195 1489 1307 1531 Berl.
1374 1490 1489 1546 Allg.
1548 1490 1646 1533 Gtzt.

142 1561 276 1611 1857,
322 1561 425 1604 447.

198 1670 435 1726 Goeppertia
470 1670 617 1714 blanda
652 1669 758 1714 Nees
795 1672 832 1714 iu
867 1671 982 1716 Linn.
1024 1672 1049 1716 6
1090 1670 1275 1731 (1831),
1316 1672 1423 1717 337.

196 1780 298 1822 Anu.
356 1780 484 1830 Folia,
540 1793 640 1843 quae
693 1794 780 1823 cnm
820 1781 944 1824 Herb.
985 1781 1105 1825 Berol
1139 1817 1147 1832 ‚
1187 1796 1208 1826 a
1245 1782 1300 1825 cl.
1341 1783 1553 1841 Zollinger
1587 1784 1660 1826 sub

137 1868 176 1896 n.
219 1852 341 1897 1468
394 1855 433 1896 in
468 1855 600 1898 insula
649 1854 746 1899 Java
797 1856 917 1905 lecta,
974 1856 1047 1899 sub
1086 1856 1246 1898 nomine
1296 1856 1556 1900 «Donacodes
1596 1857 1660 1900 Pi-

138 1929 254 1982 ninga
304 1928 396 1972 Bl.»
449 1930 738 1973 communicata
791 1936 896 1982 sunt,
953 1931 1001 1974 ad
1039 1931 1216 1988 speciem
1267 1932 1441 1987 aliquam
1495 1932 1657 1984 generis

139 2001 292 2056 Phrynii
329 2002 537 2058 pertinent.

411 2117 578 2174 Species
614 2120 818 2163 exclusae.

208 2220 298 2265 Phr.
338 2220 481 2264 Achira
517 2222 669 2280 Poepp.
709 2229 745 2266 et
780 2223 902 2267 Endl.
931 2244 993 2261 Ξ
1021 2223 1208 2269 Calathea
1244 2225 1409 2282 capitata
1442 2225 1576 2268 Lindl.

241 2314 259 2331 «
324 2295 483 2338 Allonia
506 2295 630 2341 Rosc.
658 2317 723 2335 =
749 2296 935 2342 Calathea
962 2296 1133 2344 Allonia
1156 2299 1292 2343 Lindl.

201 2361 215 2375 χ
242 2387 256 2406 «
324 2368 562 2412 altissimum
588 2370 736 2428 Poepp.
771 2378 807 2415 et
833 2371 955 2416 Endl.
983 2392 1047 2410 =
1075 2373 1262 2418 Calathea
1287 2374 1483 2418 altissima
1506 2373 1637 2417 Keke.

238 2459 259 2479 «
325 2441 480 2484 bicolor
506 2440 552 2485 C.
581 2441 690 2486 Koch
714 2465 777 2482 z
804 2444 994 2489 Calathea
1029 2447 1189 2490 zebrina
1224 2446 1361 2489 Lindl.

239 2534 257 2551 «
326 2513 481 2571 Casupo
507 2515 630 2561 Rosc,
658 2536 720 2554 Ξ
746 2517 934 2563 Calathea
960 2520 1136 2563 discolor
1160 2519 1208 2562 G.
1238 2520 1285 2562 F.
1314 2519 1380 2563 W.
1417 2519 1568 2576 Meyer.

242 2609 259 2625 «
328 2589 631 2645 chrysoleucum
672 2591 825 2650 Poepp.
865 2600 903 2636 et
946 2592 1361 2638 Endl.=Calathea
1398 2594 1661 2650 chrysoleuca

418 2661 547 2704 che.
