1962 3080
877 142 937 194 91

158 266 267 311 ches
303 265 504 325 glabrae,
544 263 789 307 farinosae.
830 262 1047 304 Bracteae
1085 259 1332 317 oblongae,
1374 258 1560 303 obtusae
1596 258 1670 302 vel

161 342 486 390 acutiusculae‚
526 339 729 398 glabrae,
769 337 1016 388 farinosae‚
1051 336 1199 395 rigido
1235 350 1542 396 pergamenae
1579 336 1672 379 lae-

161 431 238 460 ves
273 413 483 464 flavidae,
525 412 656 473 apice
692 427 888 455 nervoso
925 411 1081 455 striato
1119 410 1372 468 sanguineo
1400 416 1445 453 et
1467 410 1673 467 margine

162 488 532 537 membranaceo,
573 501 730 545 usque,
787 485 1049 546 pollicares.
1088 483 1358 528 Bracteolae
1393 482 1673 526 bicarinatae

164 562 220 606 ad
256 561 432 605 carinas
481 560 801 621 pubescentes.
843 559 1010 603 Semen
1062 558 1329 616 oblongum,
1389 556 1547 600 obtuse
1599 557 1676 599 tri-

161 641 384 697 quetrum,
427 635 557 695 apice
594 633 934 692 acutangulum,
975 632 1071 676 basi
1108 631 1239 675 arillo
1277 631 1448 675 calloso
1486 631 1678 674 instruc-

162 717 272 759 tum,
312 709 432 752 laete
480 708 672 752 fuscum.
712 707 879 750 Farina
934 706 1136 750 omnium
1188 705 1383 765 partium
1437 702 1680 761 detergibi-

164 783 248 828 bis.
290 809 346 815 —
383 782 619 826 Foliorum
655 781 800 825 forma
835 778 967 823 valde
1005 777 1210 836 insignis.

233 902 308 944 10.
347 902 383 945 Ι.
424 900 768 956 leucophaeus
803 896 946 941 Keke.

232 1011 364 1056 ,Foliis
400 1010 590 1066 elle'ple'cz's
626 1010 691 1051 vel
723 1006 1168 1050 ovato-lanceolatove
1204 1004 1419 1061 elle'ptz'cz's,
1442 1004 1560 1060 apice
1585 1005 1688 1047 sub-

166 1087 311 1129 subito
350 1083 628 1131 acuminatas,
669 1082 804 1143 spicis
839 1081 1107 1142 plerumque
1145 1095 1196 1123 ex
1233 1079 1368 1122 axilla
1410 1078 1506 1122 folii
1546 1078 1689 1135 gemi-

172 1161 258 1210 nis,
299 1158 576 1220 simplicibus
613 1158 685 1201 vel
722 1157 864 1200 altera
903 1155 960 1199 ad
994 1155 1138 1200 basim
1175 1155 1263 1198 alia
1303 1162 1453 1198 aucta.

237 1263 345 1307 Var.
387 1278 428 1311 α,
469 1262 687 1319 qenm'maes
724 1260 859 1322 spicis
902 1258 1238 1318 gracilioribus,
1280 1257 1475 1301 bracteis
1530 1257 1690 1301 oblon-

173 1338 258 1395 gis,
297 1351 450 1380 versus
488 1336 668 1396 apicem
702 1335 775 1378 vix
812 1334 1033 1378 nervosis.

238 1446 421 1490 Calathea
458 1444 703 1500 leucophaea
739 1444 890 1500 Poepp‚
932 1451 969 1486 et
1003 1443 1122 1486 Endl.
1164 1444 1263 1486 Nov.
1322 1456 1419 1499 gen.
1460 1450 1495 1485 et
1531 1458 1590 1498 sp.
1632 1443 1689 1498 pl.

175 1522 218 1571 2,
261 1521 337 1571 21,
376 1520 455 1562 tab.
504 1519 606 1561 129.
1317 1512 1325 1519 ”

1340 1631 1362 1640 ι-

239 1632 424 1676 Calathea
461 1630 745 1686 leucocephala
782 1630 828 1672 l).
870 1630 995 1673 Dietr.
1037 1629 1210 1686 Synops.
1254 1631 1297 1681 «1,
1346 1644 1383 1673 ι.

240 1743 380 1785 Thalia
416 1741 588 1784 larinosa
623 1741 699 1782 Ad.
740 1740 892 1797 Broug.
932 1740 1030 1784 Mss.
1072 1742 1109 1783 in
1147 1741 1250 1784 Anu.
1281 1743 1321 1784 d.
1352 1756 1410 1784 sc.
1453 1749 1530 1784 nat.
1564 1740 1581 1782 *l
1611 1753 1692 1781 ser.

176 1815 264 1858 Bet.
308 1815 384 1863 «12,
428 1814 514 1857 195
556 1812 611 1868 (v,
654 1812 730 1869 s.).

242 1921 463 1965 Brasilz'a:
503 1923 562 1964 Ad
600 1922 786 1978 oppidum
822 1920 908 1977 Egra
943 1921 1184 1964 Amazonum
1238 1920 1356 1964 fluvio
1411 1921 1696 1963 conterminum

181 1999 340 2043 Octobri
378 1999 461 2055 leg.
503 1999 683 2055 Poeppig
718 2011 760 2040 n.
804 1998 924 2042 2643
965 1998 1110 2056 (Herb.
1150 1998 1288 2041 Berol.
1332 2005 1368 2040 et
1402 1996 1618 2055 Vind0b‚).

245 2109 352 2153 Var.
408 2106 454 2169 β.
509 2110 790 2154 Βίθάρῖιίεηιιε
850 2108 984 2169 spicis
1037 2106 1384 2158 robustioribus,
1442 2105 1696 2153 latioribus,

186 2181 377 2226 bracteis
411 2182 760 2241 lato-oblongis,
803 2182 934 2243 apice
971 2182 1193 2226 nervosis

249 2292 419 2337 Tabula
454 2301 607 2337 nostra
643 2294 680 2337 X
716 2303 760 2337 et
794 2293 869 2337 Xl.

254 2404 469 2448 Brasz'lz'a:
511 2406 552 2448 In
588 2407 757 2449 humidis
815 2406 1013 2449 umbrosis
1063 2404 1321 2447 Mandioecae
1372 2404 1557 2448 ,Ianuario
1624 2405 1706 2460 leg.

189 2479 331 2522 Riedel
369 2477 512 2536 (Herb.
550 2479 661 2522 Hort.
703 2478 904 2536 Petrop.).

255 2585 514 2646 Descriptio
549 2600 643 2629 var.
675 2583 720 2646 β.
751 2586 964 2631 Germine
993 2593 1183 2646 excepto
1211 2583 1527 2642 glaberrimus,
1559 2585 1708 2644 cespi-

190 2668 280 2705 tem
309 2673 557 2720 pauperum
600 2658 813 2703 foliorum
853 2666 898 2703 et
930 2660 1197 2717 vaginarum
1237 2658 1417 2702 laminis
1454 2658 1705 2701 carentium
