1962 3080
876 141 940 192 93

154 260 377 320 glabrum,
418 261 749 310 umovulatum,
779 260 1051 319 corpusculo
1074 260 1357 320 placentario
1378 262 1661 308 instructum,

155 337 264 397 Styli
301 342 448 381 stoma
482 340 756 380 truncatum.
798 333 992 395 Capsula
1029 335 1212 396 oblique
1251 336 1466 396 oblonga,
1507 354 1660 400 super-

154 426 211 455 ne
248 410 350 472 pilis
385 408 626 470 perpaucis
660 407 899 452 hincinde
936 424 1199 470 conspersa,
1239 411 1358 455 laete
1385 412 1556 464 viridis,
1596 413 1665 457 ni·

152 483 262 535 tida,
303 497 632 542 monosperna,
688 483 820 543 apice
859 482 1115 528 dehiscens,
1174 485 1340 528 Semen
1393 485 1662 544 oblongum,

155 558 312 603 obtuse
350 557 634 616 triquetrum,
676 558 806 617 apice
832 558 1173 615 acutangulum‚
1214 558 1310 603 basi
1330 560 1462 604 arillo
1493 560 1666 605 calloso

151 636 432 683 instructum,
473 632 528 676 ad
564 632 750 676 modum
787 633 1116 676 achaeniorum
1152 634 1337 694 Lappae
1375 643 1663 679 tomentosae

150 709 383 752 cinereum
421 713 465 750 et.
499 715 752 751 transverse
792 707 1240 751 fusco—maculatum.
1283 709 1480 752 Germen
1516 704 1665 754 in'va-

149 781 309 825 rietate
350 797 374 823 ει
411 781 547 823 etiam
585 780 745 824 eadem
782 780 1010 840 pilositate
1050 787 1258 824 ornatum
1298 788 1378 826 est.
1422 809 1479 814 ——-
1517 783 1663 842 Spicis

150 853 415 914 plerumque
454 853 625 897 duabus
663 854 732 896 vel
768 853 908 896 tribus
947 852 1234 910 dignoscitur
1270 870 1295 897 a
1318 855 1557 915 speciebus
1595 871 1664 898 se-

147 928 388 989 quentibus
424 929 598 988 spicam
635 929 902 988 plerumque
941 928 1193 972 solitariam
1231 929 1582 990 proferentibus

217 1054 291 1096 11.
333 1054 367 1096 I.
407 1050 796 1096 smz'namensz's
831 1048 975 1092 che.

212 1165 384 1208 Maranta
421 1164 708 1207 suriuainensis
743 1163 838 1218 Miq.
895 1164 933 1205 iu
970 1163 1085 1206 Lim
1130 1165 1186 1207 48
1228 1163 1394 1222 (4844)
1434 1165 1548 1212 6032
1610 1167 1666 1209 22

150 1235 315 1296 (1849)
354 1237 427 1281 τε).
932 1229 936 1233 “

215 1348 420 1392 Surinam
458 1349 541 1403 leg.
584 1348 801 1391 Hostniann
839 1363 877 1392 n.
906 1348 982 1391 23.
1024 1347 1167 1407 (Herh.
1192 1350 1407 1406 Vindob.).
1449 1351 1490 1394 ln
1519 1351 1667 1395 Saran-

147 1426 207 1467 nis
241 1426 288 1468 ad
325 1423 496 1468 Orinobo
557 1430 593 1466 et
626 1424 664 1466 in
698 1425 881 1481 virgultis
928 1425 1040 1467 distr.
1088 1426 1186 1468 Para
1222 1425 1358 1469 Martio
1413 1434 1450 1468 et
1491 1428 1670 1485 Augusto

146 1498 233 1542 flor.
258 1499 340 1556 leg.
364 1498 580 1542 Hostmann
621 1506 657 1541 et
681 1498 859 1555 Kappler
892 1500 949 1555 pl.
985 1500 1179 1542 urinam.
1227 1500 1344 1543 1525
1383 1500 1528 1558 (llerb.
1553 1502 1663 1546 l‘lort.

146 1572 304 1628 Petrop.
347 1571 515 1614 vindob.
555 1578 591 1613 et
620 1569 965 1629 Turczaninow.).
1007 1573 1066 1614 Ad
1102 1573 1306 1628 margines
1343 1574 1541 1628 sylvarum
1579 1589 1671 1631 pro-

144 1659 193 1702 pe
229 1648 285 1702 pl.
325 1645 470 1699 Quarta
507 1646 590 1702 leg.
632 1645 762 1702 Regel
798 1659 838 1688 n.
881 1647 970 1690 235
1009 1653 1046 1689 et
1081 1646 1191 1689 472.

215 1752 409 1795 Germen
464 1766 583 1794 nunc
621 1751 752 1811 apice
787 1757 962 1795 tantum
1016 1753 1118 1812 pilis
1155 1752 1317 1797 albidis
1365 1755 1501 1813 rectis
1536 1755 1668 1799 villo-

143 1842 239 1871 sum
276 1826 453 1870 inferne
490 1826 721 1884 glabrum,
765 1841 883 1870 nunc
920 1828 1096 1871 inferne
1137 1829 1275 1874 etiam
1313 1828 1450 1874 dense
1488 1830 1664 1875 albido-

145 1901 373 1944 villosum.

209 2009 387 2052 Nomen
422 2008 717 2052 vernaculum
753 2011 1037 2061 Arrowroot,
1097 2011 1219 2071 quod
1252 2013 1487 2057 Mai-antae
1535 2028 1670 2057 arun-

150 2083 366 2128 dinaceae
402 2084 454 2129 L.
505 2085 643 2128 etiam
677 2086 911 2145 proprium
946 2087 1193 2131 verisimile
1232 2087 1286 2131 ab
1313 2089 1476 2133 incolis
1511 2088 1672 2132 tribui-

139 2164 223 2213 tur
259 2159 465 2204 omnibus
500 2166 683 2204 nostrae
721 2160 924 2205 familiae
951 2161 1207 2222 speciebus,
1247 2179 1363 2223 quae
1395 2164 1531 2225 amyli
1568 2177 1671 2223 gra-

151 2232 213 2276 tia
250 2233 295 2276 in
332 2233 460 2277 caule
496 2234 794 2279 subterraneo
833 2236 999 2280 occulti
1038 2238 1350 2282 aestimantur.

221 2355 296 2397 12.
334 2355 370 2396 Ι.
406 2354 760 2412 polypleyllus
797 2355 939 2399 che.

214 2463 399 2507 Calathea
435 2464 664 2520 polyphylla
703 2467 852 2523 Poepp.
909 2476 945 2510 et
980 2467 1100 2510 Endl.
1141 2468 1240 2511 Nor.
1281 2483 1377 2526 gen.
1436 2479 1473 2513 et
1507 2485 1570 2527 sp.
1612 2473 1669 2528 pl.

153 2538 198 2587 2,
239 2537 317 2587 23,
357 2537 434 2580 tab.
477 2537 584 2581 13¹1.

208 2641 380 2684 Maranta
417 2643 645 2698 polyphylla
683 2644 732 2687 Ι).
774 2646 897 2690 Dietr.
939 2647 1112 2704 Synops.
1157 2649 1198 2693 ’1.
1241 2648 1284 2694 6.
