1962 3080
936 62 1032 113 143

289 187 476 233 Peruvia
510 183 761 230 orientalis.-
798 182 841 225 Iu
878 182 1002 238 sylvis
1055 181 1227 224 humidis
1279 181 1466 223 montium
1522 181 1571 224 ad
1626 179 1746 223 Pam-

226 276 393 319 payaw,
431 260 616 304 Januario
652 255 741 299 ssor.
773 262 809 299 et
834 255 873 299 in
898 262 1002 299 terra
1036 254 1268 299 Missionum
1300 254 1350 298 ad
1375 253 1671 298 Embarcadero
1701 253 1750 296 de

227 339 411 382 Tocache
436 338 520 394 leg.
551 334 746 390 Poeppig.

293 462 373 504 55.
416 459 459 504 C.
498 456 849 514 strobiliscra
884 455 988 515 Miq.

293 571 466 615 Maranta
502 565 731 627 (Calathea)
766 566 1005 611 strobilisera
1030 565 1126 622 Miq.
1157 566 1195 608 in
1219 565 1338 609 Linn.
1368 565 1427 609 22
1455 562 1641 624 (1849),
1672 564 1748 608 79.

296 678 511 734 Phrynium
549 676 833 721 strobiliferum
870 673 918 719 C.
947 674 1057 718 Koch
1093 675 1131 718 in
1156 674 1273 718 Berl.
1311 673 1426 732 Allg.
1467 673 1568 719 Gtzt.
1607 672 1750 724 4857,

232 753 341 798 447.

295 852 537 895 Surinam:
592 851 635 894 In
682 849 806 906 sylvis
857 862 981 907 prope
1032 847 1077 894 ss.
1117 847 1359 893 Saramacca
1405 846 1573 908 (Groote
1608 844 1757 907 Bo'ica)

231 928 333 984 Majo
373 925 465 970 flor.

296 1039 375 1082 56.
419 1036 467 1083 C.
507 1036 754 1094 capitata
789 1037 923 1080 Lindl.
964 1036 1053 1081 Bot.
1092 1036 1199 1094 Reg.
1239 1037 1317 1087 44,
1357 1037 1406 1080 ad
1441 1036 1522 1081 tab.
1556 1036 1680 1082 4210
1717 1038 1756 1081 in

234 1119 356 1158 textu.

299 1213 474 1257 Maranta
499 1212 664 1269 capitata
688 1211 786 1255 Ruiz
811 1217 848 1255 et
872 1211 1006 1256 Pavon
1033 1212 1098 1256 Fl.
1128 1212 1223 1256 Per.
1253 1213 1299 1264 ’1,
1329 1212 1377 1264 3,
1405 1213 1483 1257 tab.
1516 1214 1561 1258 5.

299 1311 384 1356 Nec
419 1311 634 1367 Phryuium
671 1310 816 1355 Achira
854 1311 1007 1368 Poepp.
1048 1317 1084 1354 et
1107 1310 1229 1355 Endl.
1269 1311 1369 1356 Nov.
1410 1325 1505 1369 gen.
1547 1319 1584 1356 et
1606 1328 1671 1371 sp.
1699 1314 1756 1371 pl.

238 1388 284 1441 2,
314 1388 393 1432 24.

301 1499 480 1544 Nomen
515 1497 813 1543 vernaculum
848 1497 1019 1542 Achira
1057 1497 1111 1542 de
1148 1497 1319 1542 Monte.

278 1611 513 1681 ιΡρντιυὶαι
550 1611 610 1655 Ad
647 1609 889 1669 Chicoplaya
927 1609 1073 1671 (Herb.
1113 1608 1297 1670 Berol.)‚
1337 1609 1518 1655 Cuchero
1544 1616 1581 1654 et
1605 1610 1761 1654 Pozuzo

239 1686 349 1730 vicos
377 1687 464 1744 leg.
495 1686 647 1730 Pavon.

308 1791 509 1835 Petiolus
547 1797 591 1836 et
625 1807 792 1836 nervus
827 1790 1004 1837 medius
1040 1791 1194 1837 subtus
1229 1806 1316 1836 nec
1347 1805 1441 1835 non
1478 1788 1763 1851 pedunculus

244 1866 398 1927 spicae
436 1866 539 1928 pilis
576 1867 801 1928 appressis
835 1867 995 1926 rigidis
1031 1868 1267 1927 strigosus.
1305 1866 1499 1910 Lamina
1534 1865 1634 1910 tolii
1665 1864 1767 1910 ⁴basi

242 1942 514 1988 subcordata
549 1949 594 1987 et
627 1943 1032 2004 subinequilatera.

243 2058 358 2100 Ann.
400 2058 616 2114 Phrynium
652 2058 797 2102 Achira
834 2059 987 2117 Poepp.
1026 2065 1064 2103 et
1088 2059 1193 2104 End.
1233 2066 1340 2104 certe
1375 2061 1452 2104 huc
1490 2073 1568 2103 non
1603 2060 1774 2117 pertinet

382 2137 541 2188 propter
592 2131 686 2176 folia
730 2132 817 2176 basi
854 2139 967 2177 acuta
1004 2134 1142 2178 subtus
1179 2135 1458 2192 pubescentia,
1514 2134 1683 2192 petiolos
1736 2140 1775 2177 et

385 2208 635 2264 pedunculos
670 2209 852 2266 glabros.
891 2209 1043 2254 Forsan
1079 2216 1118 2254 et
1143 2209 1189 2255 C.
1220 2212 1386 2268 capitata
1408 2210 1538 2254 che.
1578 2215 1613 2253 et
1638 2210 1773 2267 planta

384 2281 656 2338 Poeppigiana
703 2283 759 2326 nil
795 2283 871 2327 nisi
907 2282 1051 2328 formas
1088 2284 1272 2328 exhibent
1321 2285 1489 2329 aliarum
1542 2283 1768 2341 specierum

385 2356 559 2401 bracteis
584 2357 1046 2405 foliaceo-commutatis.
1077 2360 1233 2404 Accidit
1259 2360 1363 2404 enim
1390 2360 1587 2404 interdum
1613 2360 1652 2403 in
1679 2360 1771 2404 aliis

385 2433 618 2489 speciebus,
660 2440 700 2477 ut
725 2434 910 2479 bracteae
934 2436 1162 2494 superiores
1187 2437 1399 2488 foliaceae,
1437 2436 1648 2479 inferiores
1677 2448 1772 2479 nor-

386 2506 513 2550 males
539 2507 724 2551 evadant.
753 2508 936 2566 Denique
961 2510 1135 2568 suppetit
1159 2510 1364 2568 specimen
1392 2511 1432 2553 in
1450 2508 1580 2553 Herb.
1604 2508 1766 2561 Berol.‚

387 2581 489 2636 quod
525 2582 580 2625 cl.
622 2582 756 2627 Pavon
791 2597 882 2627 cum
908 2585 1028 2630 dubio
1053 2599 1142 2630 cum
1174 2585 1364 2631 Calathea
1399 2585 1566 2643 capitata
1603 2584 1767 2641 conjun-
