1962 3080
826 148 892 199 83

109 271 246 316 losus.
288 270 484 315 Germen
514 264 781 324 oblongum,
822 264 1047 323 glabrum,
1087 264 1388 317 uniloculare,
1425 265 1617 310 uniovu-

106 349 264 399 latum,
306 343 575 406 corpusculo
613 342 898 404 placentario
934 342 1220 387 instructum.

169 472 216 514 2.
254 471 290 514 Ι.
330 466 579 524 spicatas
614 463 759 508 Keke.

147 554 340 621 ‘Marauta
376 575 524 632 spicata
573 574 696 617 Aubl.
737 574 839 616 llist.
880 574 919 615 d.
959 573 1015 630 pl.
1057 573 1096 614 d.
1139 571 1280 616 Guian.
1322 573 1446 615 franc.
1489 573 1532 623 ¹1,
1573 573 1617 615 l1-.

107 654 212 697 Nees
238 662 275 696 et
296 652 410 695 Mart.
450 652 489 693 in
514 650 612 693 Nov.
656 651 742 693 Act.
771 649 964 705 Leopold.
994 656 1090 690 tom.
1124 648 1197 691 11.
1228 662 1318 704 pars
1346 649 1388 692 fl.
1419 661 1512 705 pag.
1543 649 1618 691 26.

171 760 346 804 Maranta
382 759 499 811 dubia
534 759 584 802 R.
626 765 663 802 et
699 757 793 801 Sch.
837 763 935 813 syst.
976 757 1068 799 add.
1111 756 1155 806 ’1,
1198 756 1271 800 70.

175 870 364 915 Calathea
400 871 519 914 dubia
554 870 686 912 Lindi.
730 870 817 912 Βυῑ.
855 869 960 925 Reg.
990 867 1067 916 44,
1107 869 1155 910 ad
1190 868 1270 911 tab.
1303 867 1425 912 ‘1210
1462 869 1500 910 in
1531 872 1620 909 text.

174 981 414 1038 Goeppertia
451 982 599 1038 spicata
634 980 740 1023 Nees
776 981 814 1022 in
849 978 969 1022 Linn.
1012 979 1036 1023 6
1077 978 1259 1036 (4834),
1301 979 1408 1023 337.

175 1090 390 1145 Phrynium
430 1088 647 1144 elliptieum
682 1087 803 1129 Rosc.
847 1085 945 1130 Scit.
986 1087 1066 1129 tab.
1107 1085 1182 1130 44.

176 1196 351 1240 Gaiana
383 1194 544 1253 qallica
581 1200 623 1238 et
660 1194 834 1252 anylz‘ca
871 1193 947 1253 (ad
985 1192 1092 1238 fluv.
1132 1194 1429 1254 Pomeroon).
1471 1196 1628 1240 Brasi—

113 1274 171 1316 lia
208 1274 254 1316 in
288 1272 361 1316 via
397 1286 483 1331 qua
517 1270 660 1314 Minas
697 1270 937 1328 generales
975 1270 1144 1315 adeunt
1180 1271 1235 1315 ad
1271 1270 1421 1316 Ilheos
1456 1271 1625 1316 flumen

115 1347 357 1394 Decembri
392 1346 492 1391 flor.
536 1347 668 1406 (teste
704 1347 823 1392 Nees
860 1353 903 1391 et
938 1348 1109 1406 Mart.).

177 1461 332 1504 Planta
367 1459 477 1503 mihi
514 1459 645 1503 valde
684 1459 836 1503 dubia.
865 1459 910 1504 Si
935 1460 1118 1521 capsula
1143 1460 1328 1504 inicone
1355 1459 1627 1504 Roscoeana

115 1541 236 1579 recte
272 1535 509 1594 trisperma
545 1539 589 1577 et
615 1533 810 1578 obovata
848 1534 1079 1578 delineata
1115 1542 1196 1585 est,
1237 1540 1332 1578 tum
1368 1541 1525 1579 nostro
1551 1549 1630 1593 ge-

116 1627 223 1655 nere
260 1611 554 1656 removenda.
611 1613 680 1655 An
716 1611 871 1672 planta
922 1612 1196 1656 Aubletiana
1251 1618 1295 1656 et
1328 1612 1549 1656 Martiana
1587 1619 1629 1656 et

113 1687 384 1731 Roscoeana
422 1686 604 1731 eadem?
639 1687 798 1731 Planta
826 1687 1096 1732 Roscoeana
1134 1688 1188 1731 ab
1214 1687 1248 1730 Ι.
1278 1687 1459 1731 Parkeri
1496 1702 1630 1748 prae-

113 1769 183 1806 ter
217 1762 602 1807 inflorescentiam
657 1762 807 1808 differt
858 1764 1118 1825 pedunculo
1174 1764 1333 1822 glabro
1393 1764 1440 1808 in
1475 1763 1629 1808 medio

116 1836 310 1881 bracteis
346 1835 613 1880 distantibus
650 1842 830 1882 ornato.

255 1945 297 1990 b.
340 1947 496 2004 sz‘eae
530 1947 639 2002 folio
676 1948 899 2008 suffitltae.

396 2075 439 2103 α.
498 2059 651 2104 Petz'olz'
682 2062 740 2103 ad
775 2059 1015 2103 articulum
1051 2061 1214 2104 annulo
1244 2060 1520 2117 prominente
1548 2075 1634 2118 pu-

463 2137 650 2179 bescente
703 2135 847 2180 cincti.
901 2135 1081 2192 (sz'cae
1134 2137 1193 2179 ad
1227 2136 1423 2179 rhachz'm
1468 2151 1634 2193 parum

460 2209 707 2268 elonyatum
741 2209 840 2252 huic
876 2209 974 2254 inde
990 2245 996 2252 .
1008 2210 1327 2267 fasciculatae).

189 2333 234 2381 3.
275 2332 311 2374 I.
347 2331 747 2388 plurispz‘catus
782 2331 924 2377 Keke.

194 2442 333 2488 Caule
372 2448 416 2486 et
450 2442 631 2503 petiolis
676 2443 775 2503 plus
809 2442 959 2487 minus
994 2441 1400 2504 rigido-puberulis
1434 2444 1507 2488 vel
1542 2445 1639 2503 gla-

127 2519 235 2570 bris;
277 2518 450 2576 vayim‘s
501 2518 712 2574 soliorum
763 2518 883 2563 intus
933 2519 1262 2577 ylabrz'usculis,
1303 2519 1420 2576 apice
1471 2521 1640 2566 villoso-

131 2592 348 2640 barbatis,·
386 2591 582 2636 bracteis
618 2591 843 2652 spicarum
885 2593 1327 2638 mucronato-acutis
1361 2594 1435 2638 vel
1471 2595 1642 2640 acumi-

129 2666 263 2710 natis.

1393 2745 1442 2788 6*
