<?xml version="1.0" encoding="UTF-8"?>
<!DOCTYPE html PUBLIC "-//W3C//DTD XHTML 1.0 Transitional//EN"
    "http://www.w3.org/TR/xhtml1/DTD/xhtml1-transitional.dtd">
<html xmlns="http://www.w3.org/1999/xhtml" xml:lang="en" lang="en">
 <head>
  <title>
</title>
<meta http-equiv="Content-Type" content="text/html;charset=utf-8" />
  <meta name='ocr-system' content='tesseract 3.04.00' />
  <meta name='ocr-capabilities' content='ocr_page ocr_carea ocr_par ocr_line ocrx_word'/>
</head>
<body>
  <div class='ocr_page' id='page_1' title='image "./monographiaemara1859kr_0138.png"; bbox 0 0 1962 3080; ppageno 0'>
   <div class='ocr_carea' id='block_1_1' title="bbox 966 141 1063 192">
    <p class='ocr_par' dir='ltr' id='par_1_1' title="bbox 966 141 1063 192">
     <span class='ocr_line' id='line_1_1' title="bbox 966 141 1063 192; baseline 0 0"><span class='ocrx_word' id='word_1_1' title='bbox 966 141 1063 192; x_wconf 71' lang='lat'>132</span> 
     </span>
    </p>
   </div>
   <div class='ocr_carea' id='block_1_2' title="bbox 233 258 1766 2721">
    <p class='ocr_par' dir='ltr' id='par_1_2' title="bbox 233 258 1766 2721">
     <span class='ocr_line' id='line_1_2' title="bbox 249 258 1765 327; baseline -0.001 -19"><span class='ocrx_word' id='word_1_2' title='bbox 249 262 322 308; x_wconf 92' lang='lat' dir='ltr'>vel</span> <span class='ocrx_word' id='word_1_3' title='bbox 358 260 501 305; x_wconf 87' lang='lat' dir='ltr'>acutis</span> <span class='ocrx_word' id='word_1_4' title='bbox 551 259 655 320; x_wconf 91' lang='lat' dir='ltr'>pilis</span> <span class='ocrx_word' id='word_1_5' title='bbox 705 258 916 303; x_wconf 89' lang='lat' dir='ltr'>brevibus</span> <span class='ocrx_word' id='word_1_6' title='bbox 968 259 1226 320; x_wconf 84' lang='lat' dir='ltr'>patentibus</span> <span class='ocrx_word' id='word_1_7' title='bbox 1279 259 1509 321; x_wconf 84' lang='lat' dir='ltr'>puberulis</span> <span class='ocrx_word' id='word_1_8' title='bbox 1563 276 1705 327; x_wconf 57' lang='lat' dir='ltr'>usqu‘e</span> <span class='ocrx_word' id='word_1_9' title='bbox 1738 265 1765 306; x_wconf 90' lang='lat'>5</span> 
     </span>
     <span class='ocr_line' id='line_1_3' title="bbox 248 332 1764 398; baseline -0.001 -18"><span class='ocrx_word' id='word_1_10' title='bbox 248 333 544 398; x_wconf 89' lang='lat' dir='ltr'>pollicaribus</span> <span class='ocrx_word' id='word_1_11' title='bbox 582 333 750 384; x_wconf 79' lang='lat' dir='ltr'>cincta3</span> <span class='ocrx_word' id='word_1_12' title='bbox 787 332 986 393; x_wconf 88' lang='lat' dir='ltr'>petiolus</span> <span class='ocrx_word' id='word_1_13' title='bbox 1021 332 1199 377; x_wconf 80' lang='lat' dir='ltr'>inferne</span> <span class='ocrx_word' id='word_1_14' title='bbox 1237 333 1282 377; x_wconf 91' lang='lat' dir='ltr'>in</span> <span class='ocrx_word' id='word_1_15' title='bbox 1321 334 1533 391; x_wconf 77' lang='lat' dir='ltr'>vaginam</span> <span class='ocrx_word' id='word_1_16' title='bbox 1565 333 1764 378; x_wconf 84' lang='lat' dir='ltr'>breviter</span> 
     </span>
     <span class='ocr_line' id='line_1_4' title="bbox 247 408 1764 473; baseline -0.001 -18"><span class='ocrx_word' id='word_1_17' title='bbox 247 410 516 473; x_wconf 87' lang='lat' dir='ltr'>puberulam</span> <span class='ocrx_word' id='word_1_18' title='bbox 552 424 693 468; x_wconf 88' lang='lat' dir='ltr'>usque</span> <span class='ocrx_word' id='word_1_19' title='bbox 729 411 759 451; x_wconf 69' lang='lat'>4</span> <span class='ocrx_word' id='word_1_20' title='bbox 784 408 1055 469; x_wconf 77' lang='lat' dir='ltr'>pollicarem</span> <span class='ocrx_word' id='word_1_21' title='bbox 1082 409 1340 469; x_wconf 90' lang='lat' dir='ltr'>ampliatus,</span> <span class='ocrx_word' id='word_1_22' title='bbox 1380 409 1645 453; x_wconf 88' lang='lat' dir='ltr'>brevissime</span> <span class='ocrx_word' id='word_1_23' title='bbox 1681 424 1764 470; x_wconf 93' lang='lat' dir='ltr'>pu-</span> 
     </span>
     <span class='ocr_line' id='line_1_5' title="bbox 246 482 1760 546; baseline -0.001 -15"><span class='ocrx_word' id='word_1_24' title='bbox 246 486 445 536; x_wconf 89' lang='lat' dir='ltr'>berulus‚</span> <span class='ocrx_word' id='word_1_25' title='bbox 486 485 617 546; x_wconf 80' lang='lat' dir='ltr'>apice</span> <span class='ocrx_word' id='word_1_26' title='bbox 654 483 849 528; x_wconf 87' lang='lat' dir='ltr'>articulo</span> <span class='ocrx_word' id='word_1_27' title='bbox 885 482 1054 542; x_wconf 89' lang='lat' dir='ltr'>ubique</span> <span class='ocrx_word' id='word_1_28' title='bbox 1088 483 1287 528; x_wconf 85' lang='lat' dir='ltr'>breviter</span> <span class='ocrx_word' id='word_1_29' title='bbox 1314 494 1358 528; x_wconf 84' lang='lat' dir='ltr'>et</span> <span class='ocrx_word' id='word_1_30' title='bbox 1383 485 1520 529; x_wconf 87' lang='lat' dir='ltr'>dense</span> <span class='ocrx_word' id='word_1_31' title='bbox 1556 486 1760 529; x_wconf 88' lang='lat' dir='ltr'>velutino</span> 
     </span>
     <span class='ocr_line' id='line_1_6' title="bbox 248 555 1766 619; baseline -0.001 -15"><span class='ocrx_word' id='word_1_32' title='bbox 248 560 432 604; x_wconf 81' lang='lat' dir='ltr'>circiter</span> <span class='ocrx_word' id='word_1_33' title='bbox 473 555 523 618; x_wconf 65' lang='lat' dir='ltr'>¹s2</span> <span class='ocrx_word' id='word_1_34' title='bbox 562 556 773 618; x_wconf 82' lang='lat' dir='ltr'>pollicari</span> <span class='ocrx_word' id='word_1_35' title='bbox 824 557 1109 607; x_wconf 87' lang='lat' dir='ltr'>terminatus,</span> <span class='ocrx_word' id='word_1_36' title='bbox 1150 571 1290 616; x_wconf 88' lang='lat' dir='ltr'>usque</span> <span class='ocrx_word' id='word_1_37' title='bbox 1344 560 1371 601; x_wconf 81' lang='lat' dir='ltr'>(i</span> <span class='ocrx_word' id='word_1_38' title='bbox 1408 559 1659 619; x_wconf 88' lang='lat' dir='ltr'>pollicaris;</span> <span class='ocrx_word' id='word_1_39' title='bbox 1699 559 1766 602; x_wconf 87' lang='lat' dir='ltr'>la-</span> 
     </span>
     <span class='ocr_line' id='line_1_7' title="bbox 245 629 1761 693; baseline -0.001 -15"><span class='ocrx_word' id='word_1_40' title='bbox 245 635 369 678; x_wconf 90' lang='lat' dir='ltr'>mina</span> <span class='ocrx_word' id='word_1_41' title='bbox 402 631 604 693; x_wconf 86' lang='lat' dir='ltr'>elliptica</span> <span class='ocrx_word' id='word_1_42' title='bbox 640 630 918 681; x_wconf 86' lang='lat' dir='ltr'>acuminata,</span> <span class='ocrx_word' id='word_1_43' title='bbox 958 629 1056 674; x_wconf 91' lang='lat' dir='ltr'>basi</span> <span class='ocrx_word' id='word_1_44' title='bbox 1094 635 1226 673; x_wconf 87' lang='lat' dir='ltr'>acuta</span> <span class='ocrx_word' id='word_1_45' title='bbox 1261 631 1334 674; x_wconf 91' lang='lat' dir='ltr'>vel</span> <span class='ocrx_word' id='word_1_46' title='bbox 1371 632 1648 682; x_wconf 87' lang='lat' dir='ltr'>acuminata,</span> <span class='ocrx_word' id='word_1_47' title='bbox 1688 648 1761 677; x_wconf 91' lang='lat' dir='ltr'>su-</span> 
     </span>
     <span class='ocr_line' id='line_1_8' title="bbox 244 704 1760 770; baseline -0.001 -18"><span class='ocrx_word' id='word_1_48' title='bbox 244 724 326 770; x_wconf 88' lang='lat' dir='ltr'>pra</span> <span class='ocrx_word' id='word_1_49' title='bbox 361 722 503 751; x_wconf 89' lang='lat' dir='ltr'>nervo</span> <span class='ocrx_word' id='word_1_50' title='bbox 540 705 693 750; x_wconf 90' lang='lat' dir='ltr'>medio</span> <span class='ocrx_word' id='word_1_51' title='bbox 729 720 885 750; x_wconf 87' lang='lat' dir='ltr'>versus</span> <span class='ocrx_word' id='word_1_52' title='bbox 922 705 1101 766; x_wconf 84' lang='lat' dir='ltr'>apicem</span> <span class='ocrx_word' id='word_1_53' title='bbox 1139 704 1362 765; x_wconf 89' lang='lat' dir='ltr'>puberulo</span> <span class='ocrx_word' id='word_1_54' title='bbox 1385 713 1574 767; x_wconf 83' lang='lat' dir='ltr'>excepto</span> <span class='ocrx_word' id='word_1_55' title='bbox 1602 707 1760 765; x_wconf 87' lang='lat' dir='ltr'>glabra</span> 
     </span>
     <span class='ocr_line' id='line_1_9' title="bbox 247 779 1762 841; baseline -0.001 -13"><span class='ocrx_word' id='word_1_56' title='bbox 247 783 438 828; x_wconf 80' lang='lat' dir='ltr'>obscure</span> <span class='ocrx_word' id='word_1_57' title='bbox 474 780 630 826; x_wconf 89' lang='lat' dir='ltr'>viridis</span> <span class='ocrx_word' id='word_1_58' title='bbox 683 795 829 841; x_wconf 87' lang='lat' dir='ltr'>opaca</span> <span class='ocrx_word' id='word_1_59' title='bbox 867 779 924 823; x_wconf 85' lang='lat' dir='ltr'>ad</span> <span class='ocrx_word' id='word_1_60' title='bbox 961 795 1150 823; x_wconf 83' lang='lat' dir='ltr'>nervum</span> <span class='ocrx_word' id='word_1_61' title='bbox 1203 779 1403 823; x_wconf 89' lang='lat' dir='ltr'>medium</span> <span class='ocrx_word' id='word_1_62' title='bbox 1456 782 1762 841; x_wconf 81' lang='lat' dir='ltr'>pulcherrime</span> 
     </span>
     <span class='ocr_line' id='line_1_10' title="bbox 246 851 1762 914; baseline -0.002 -13"><span class='ocrx_word' id='word_1_63' title='bbox 246 857 365 901; x_wconf 89' lang='lat' dir='ltr'>laete</span> <span class='ocrx_word' id='word_1_64' title='bbox 399 854 533 900; x_wconf 88' lang='lat' dir='ltr'>viridi</span> <span class='ocrx_word' id='word_1_65' title='bbox 568 854 822 911; x_wconf 79' lang='lat' dir='ltr'>variegata,</span> <span class='ocrx_word' id='word_1_66' title='bbox 864 852 1017 897; x_wconf 88' lang='lat' dir='ltr'>subtus</span> <span class='ocrx_word' id='word_1_67' title='bbox 1075 853 1179 913; x_wconf 86' lang='lat' dir='ltr'>pilis</span> <span class='ocrx_word' id='word_1_68' title='bbox 1230 851 1506 896; x_wconf 85' lang='lat' dir='ltr'>brevissimis</span> <span class='ocrx_word' id='word_1_69' title='bbox 1541 854 1762 914; x_wconf 86' lang='lat' dir='ltr'>puberula</span> 
     </span>
     <span class='ocr_line' id='line_1_11' title="bbox 245 924 1762 989; baseline -0.003 -15"><span class='ocrx_word' id='word_1_70' title='bbox 245 930 398 989; x_wconf 81' lang='lat' dir='ltr'>ibique</span> <span class='ocrx_word' id='word_1_71' title='bbox 435 943 577 972; x_wconf 91' lang='lat' dir='ltr'>nervo</span> <span class='ocrx_word' id='word_1_72' title='bbox 613 926 767 970; x_wconf 89' lang='lat' dir='ltr'>medio</span> <span class='ocrx_word' id='word_1_73' title='bbox 800 925 999 970; x_wconf 86' lang='lat' dir='ltr'>breviter</span> <span class='ocrx_word' id='word_1_74' title='bbox 1020 925 1221 969; x_wconf 86' lang='lat' dir='ltr'>etdense</span> <span class='ocrx_word' id='word_1_75' title='bbox 1259 924 1556 985; x_wconf 85' lang='lat' dir='ltr'>pubescente,</span> <span class='ocrx_word' id='word_1_76' title='bbox 1596 924 1762 985; x_wconf 60' lang='lat'>472——</span> 
     </span>
     <span class='ocr_line' id='line_1_12' title="bbox 247 1000 1764 1067; baseline -0.003 -16"><span class='ocrx_word' id='word_1_77' title='bbox 247 1010 272 1051; x_wconf 89' lang='lat'>7</span> <span class='ocrx_word' id='word_1_78' title='bbox 309 1005 501 1067; x_wconf 90' lang='lat' dir='ltr'>pollices</span> <span class='ocrx_word' id='word_1_79' title='bbox 536 1005 694 1062; x_wconf 87' lang='lat' dir='ltr'>longa,</span> <span class='ocrx_word' id='word_1_80' title='bbox 736 1000 822 1063; x_wconf 65' lang='lat' dir='ltr'>1²s3</span> <span class='ocrx_word' id='word_1_81' title='bbox 852 1029 916 1034; x_wconf 93' lang='lat'><strong>—</strong></span> <span class='ocrx_word' id='word_1_82' title='bbox 941 1004 967 1046; x_wconf 83' lang='lat'><strong>3</strong></span> <span class='ocrx_word' id='word_1_83' title='bbox 1005 1002 1197 1063; x_wconf 87' lang='lat' dir='ltr'>pollices</span> <span class='ocrx_word' id='word_1_84' title='bbox 1239 1001 1347 1045; x_wconf 88' lang='lat' dir='ltr'>lata.</span> <span class='ocrx_word' id='word_1_85' title='bbox 1390 1002 1554 1062; x_wconf 89' lang='lat' dir='ltr'>Spicae</span> <span class='ocrx_word' id='word_1_86' title='bbox 1591 1002 1764 1062; x_wconf 91' lang='lat' dir='ltr'>pedun-</span> 
     </span>
     <span class='ocr_line' id='line_1_13' title="bbox 243 1076 1754 1140; baseline -0.003 -16"><span class='ocrx_word' id='word_1_87' title='bbox 243 1081 370 1125; x_wconf 90' lang='lat' dir='ltr'>culus</span> <span class='ocrx_word' id='word_1_88' title='bbox 406 1079 614 1140; x_wconf 84' lang='lat' dir='ltr'>aphyllus</span> <span class='ocrx_word' id='word_1_89' title='bbox 648 1077 723 1123; x_wconf 93' lang='lat' dir='ltr'>vel</span> <span class='ocrx_word' id='word_1_90' title='bbox 758 1077 850 1121; x_wconf 87' lang='lat' dir='ltr'>ima</span> <span class='ocrx_word' id='word_1_91' title='bbox 886 1077 983 1121; x_wconf 88' lang='lat' dir='ltr'>basi</span> <span class='ocrx_word' id='word_1_92' title='bbox 1020 1076 1361 1137; x_wconf 87' lang='lat' dir='ltr'>monophyllus,</span> <span class='ocrx_word' id='word_1_93' title='bbox 1405 1076 1754 1134; x_wconf 87' lang='lat' dir='ltr'>glabriusculus‚</span> 
     </span>
     <span class='ocr_line' id='line_1_14' title="bbox 242 1150 1763 1216; baseline -0.004 -16"><span class='ocrx_word' id='word_1_94' title='bbox 242 1170 436 1216; x_wconf 86' lang='lat' dir='ltr'>superne</span> <span class='ocrx_word' id='word_1_95' title='bbox 472 1154 766 1203; x_wconf 87' lang='lat' dir='ltr'>incrassatus,</span> <span class='ocrx_word' id='word_1_96' title='bbox 808 1150 897 1211; x_wconf 57' lang='lat'>372</span> <span class='ocrx_word' id='word_1_97' title='bbox 922 1179 980 1184; x_wconf 88' lang='lat'>——</span> <span class='ocrx_word' id='word_1_98' title='bbox 1003 1153 1094 1209; x_wconf 56' lang='grc'>4119</span> <span class='ocrx_word' id='word_1_99' title='bbox 1136 1152 1387 1213; x_wconf 89' lang='lat' dir='ltr'>pollicaris.</span> <span class='ocrx_word' id='word_1_100' title='bbox 1429 1151 1566 1212; x_wconf 88' lang='lat' dir='ltr'>Spica</span> <span class='ocrx_word' id='word_1_101' title='bbox 1601 1150 1763 1195; x_wconf 88' lang='lat' dir='ltr'>oblon-</span> 
     </span>
     <span class='ocr_line' id='line_1_15' title="bbox 241 1227 1760 1292; baseline -0.004 -16"><span class='ocrx_word' id='word_1_102' title='bbox 241 1247 317 1291; x_wconf 87' lang='lat' dir='ltr'>ga,</span> <span class='ocrx_word' id='word_1_103' title='bbox 358 1231 539 1276; x_wconf 86' lang='lat' dir='ltr'>circiter</span> <span class='ocrx_word' id='word_1_104' title='bbox 578 1227 663 1292; x_wconf 64' lang='lat'>1³),</span> <span class='ocrx_word' id='word_1_105' title='bbox 706 1229 898 1290; x_wconf 90' lang='lat' dir='ltr'>pollices</span> <span class='ocrx_word' id='word_1_106' title='bbox 934 1229 1075 1287; x_wconf 89' lang='lat' dir='ltr'>longa</span> <span class='ocrx_word' id='word_1_107' title='bbox 1113 1235 1157 1272; x_wconf 89' lang='lat' dir='ltr'>et</span> <span class='ocrx_word' id='word_1_108' title='bbox 1196 1227 1244 1287; x_wconf 47' lang='grc' dir='ltr'>Ἃ</span> <span class='ocrx_word' id='word_1_109' title='bbox 1277 1228 1470 1288; x_wconf 87' lang='lat' dir='ltr'>pollices</span> <span class='ocrx_word' id='word_1_110' title='bbox 1506 1228 1614 1272; x_wconf 86' lang='lat' dir='ltr'>lata.</span> <span class='ocrx_word' id='word_1_111' title='bbox 1653 1228 1760 1270; x_wconf 89' lang='lat' dir='ltr'>Bra-</span> 
     </span>
     <span class='ocr_line' id='line_1_16' title="bbox 241 1303 1761 1356; baseline -0.005 -4"><span class='ocrx_word' id='word_1_112' title='bbox 241 1314 371 1353; x_wconf 89' lang='lat' dir='ltr'>cteae</span> <span class='ocrx_word' id='word_1_113' title='bbox 422 1306 641 1351; x_wconf 85' lang='lat' dir='ltr'>latissime</span> <span class='ocrx_word' id='word_1_114' title='bbox 685 1304 930 1356; x_wconf 75' lang='lat' dir='ltr'>obovafae‚</span> <span class='ocrx_word' id='word_1_115' title='bbox 971 1303 1215 1348; x_wconf 86' lang='lat' dir='ltr'>inferiores</span> <span class='ocrx_word' id='word_1_116' title='bbox 1255 1303 1572 1347; x_wconf 83' lang='lat' dir='ltr'>obtusissimae</span> <span class='ocrx_word' id='word_1_117' title='bbox 1611 1308 1656 1346; x_wconf 88' lang='lat' dir='ltr'>et</span> <span class='ocrx_word' id='word_1_118' title='bbox 1689 1319 1761 1347; x_wconf 86' lang='lat' dir='ltr'>re-</span> 
     </span>
     <span class='ocr_line' id='line_1_17' title="bbox 240 1379 1762 1440; baseline -0.005 -11"><span class='ocrx_word' id='word_1_119' title='bbox 240 1390 367 1430; x_wconf 88' lang='lat' dir='ltr'>tusae</span> <span class='ocrx_word' id='word_1_120' title='bbox 406 1389 450 1427; x_wconf 85' lang='lat' dir='ltr'>et</span> <span class='ocrx_word' id='word_1_121' title='bbox 486 1398 539 1427; x_wconf 85' lang='lat' dir='ltr'>ex</span> <span class='ocrx_word' id='word_1_122' title='bbox 575 1381 919 1440; x_wconf 88' lang='lat' dir='ltr'>emarginatura</span> <span class='ocrx_word' id='word_1_123' title='bbox 971 1380 1170 1424; x_wconf 87' lang='lat' dir='ltr'>breviter</span> <span class='ocrx_word' id='word_1_124' title='bbox 1222 1379 1512 1423; x_wconf 88' lang='lat' dir='ltr'>acuminatae</span> <span class='ocrx_word' id='word_1_125' title='bbox 1556 1380 1762 1440; x_wconf 87' lang='lat' dir='ltr'>superio-</span> 
     </span>
     <span class='ocr_line' id='line_1_18' title="bbox 243 1455 1761 1518; baseline -0.004 -13"><span class='ocrx_word' id='word_1_126' title='bbox 243 1476 315 1505; x_wconf 85' lang='lat' dir='ltr'>res</span> <span class='ocrx_word' id='word_1_127' title='bbox 365 1459 532 1504; x_wconf 90' lang='lat' dir='ltr'>sensim</span> <span class='ocrx_word' id='word_1_128' title='bbox 585 1473 735 1518; x_wconf 90' lang='lat' dir='ltr'>neque</span> <span class='ocrx_word' id='word_1_129' title='bbox 785 1457 925 1515; x_wconf 88' lang='lat' dir='ltr'>longe</span> <span class='ocrx_word' id='word_1_130' title='bbox 979 1456 1287 1505; x_wconf 85' lang='lat' dir='ltr'>acuminatae‚</span> <span class='ocrx_word' id='word_1_131' title='bbox 1328 1455 1431 1516; x_wconf 89' lang='lat' dir='ltr'>pilis</span> <span class='ocrx_word' id='word_1_132' title='bbox 1483 1455 1761 1500; x_wconf 86' lang='lat' dir='ltr'>brevissimis</span> 
     </span>
     <span class='ocr_line' id='line_1_19' title="bbox 240 1530 1762 1598; baseline -0.004 -17"><span class='ocrx_word' id='word_1_133' title='bbox 240 1536 465 1598; x_wconf 87' lang='lat' dir='ltr'>appressis</span> <span class='ocrx_word' id='word_1_134' title='bbox 517 1533 785 1596; x_wconf 78' lang='lat' dir='ltr'>pubemlae,</span> <span class='ocrx_word' id='word_1_135' title='bbox 826 1533 872 1576; x_wconf 91' lang='lat' dir='ltr'>in</span> <span class='ocrx_word' id='word_1_136' title='bbox 909 1533 1033 1577; x_wconf 91' lang='lat' dir='ltr'>sicco</span> <span class='ocrx_word' id='word_1_137' title='bbox 1086 1530 1615 1576; x_wconf 88' lang='lat' dir='ltr'>erubescenti-flavidae.</span> <span class='ocrx_word' id='word_1_138' title='bbox 1653 1533 1762 1576; x_wconf 87' lang='lat' dir='ltr'>Bra-</span> 
     </span>
     <span class='ocr_line' id='line_1_20' title="bbox 240 1607 1761 1669; baseline -0.004 -12"><span class='ocrx_word' id='word_1_139' title='bbox 240 1612 420 1657; x_wconf 89' lang='lat' dir='ltr'>cteolae</span> <span class='ocrx_word' id='word_1_140' title='bbox 458 1610 706 1669; x_wconf 81' lang='lat' dir='ltr'>oblongae,</span> <span class='ocrx_word' id='word_1_141' title='bbox 749 1608 955 1658; x_wconf 80' lang='lat' dir='ltr'>obtusae,</span> <span class='ocrx_word' id='word_1_142' title='bbox 998 1607 1201 1666; x_wconf 81' lang='lat' dir='ltr'>glabrae.</span> <span class='ocrx_word' id='word_1_143' title='bbox 1244 1608 1411 1669; x_wconf 88' lang='lat' dir='ltr'>Sepala</span> <span class='ocrx_word' id='word_1_144' title='bbox 1437 1607 1656 1666; x_wconf 86' lang='lat' dir='ltr'>oblonga,</span> <span class='ocrx_word' id='word_1_145' title='bbox 1685 1624 1761 1652; x_wconf 90' lang='lat' dir='ltr'>ro-</span> 
     </span>
     <span class='ocr_line' id='line_1_21' title="bbox 238 1681 1754 1742; baseline -0.005 -10"><span class='ocrx_word' id='word_1_146' title='bbox 238 1684 634 1735; x_wconf 84' lang='lat' dir='ltr'>tundato-obtusa,</span> <span class='ocrx_word' id='word_1_147' title='bbox 676 1682 850 1741; x_wconf 86' lang='lat' dir='ltr'>glabra.</span> <span class='ocrx_word' id='word_1_148' title='bbox 889 1681 1037 1725; x_wconf 92' lang='lat' dir='ltr'>Tubus</span> <span class='ocrx_word' id='word_1_149' title='bbox 1094 1681 1298 1726; x_wconf 87' lang='lat' dir='ltr'>corollae</span> <span class='ocrx_word' id='word_1_150' title='bbox 1350 1681 1505 1742; x_wconf 89' lang='lat' dir='ltr'>paullo</span> <span class='ocrx_word' id='word_1_151' title='bbox 1551 1681 1754 1739; x_wconf 84' lang='lat' dir='ltr'>longior,</span> 
     </span>
     <span class='ocr_line' id='line_1_22' title="bbox 238 1756 1759 1823; baseline -0.005 -15"><span class='ocrx_word' id='word_1_152' title='bbox 238 1762 413 1823; x_wconf 86' lang='lat' dir='ltr'>glaber.</span> <span class='ocrx_word' id='word_1_153' title='bbox 455 1760 622 1822; x_wconf 87' lang='lat' dir='ltr'>Sepala</span> <span class='ocrx_word' id='word_1_154' title='bbox 657 1759 876 1817; x_wconf 87' lang='lat' dir='ltr'>oblonga,</span> <span class='ocrx_word' id='word_1_155' title='bbox 917 1757 1218 1810; x_wconf 87' lang='lat' dir='ltr'>acutiuscula,</span> <span class='ocrx_word' id='word_1_156' title='bbox 1257 1757 1431 1816; x_wconf 86' lang='lat' dir='ltr'>glabra.</span> <span class='ocrx_word' id='word_1_157' title='bbox 1474 1756 1759 1801; x_wconf 88' lang='lat' dir='ltr'>Staminodia</span> 
     </span>
     <span class='ocr_line' id='line_1_23' title="bbox 240 1832 1756 1899; baseline -0.005 -16"><span class='ocrx_word' id='word_1_158' title='bbox 240 1839 414 1899; x_wconf 87' lang='lat' dir='ltr'>glabra,</span> <span class='ocrx_word' id='word_1_159' title='bbox 456 1843 691 1882; x_wconf 81' lang='lat' dir='ltr'>externum</span> <span class='ocrx_word' id='word_1_160' title='bbox 728 1851 810 1896; x_wconf 86' lang='lat' dir='ltr'>pro</span> <span class='ocrx_word' id='word_1_161' title='bbox 846 1840 974 1896; x_wconf 88' lang='lat' dir='ltr'>parte</span> <span class='ocrx_word' id='word_1_162' title='bbox 1006 1835 1101 1895; x_wconf 87' lang='lat' dir='ltr'>jam</span> <span class='ocrx_word' id='word_1_163' title='bbox 1139 1833 1436 1878; x_wconf 86' lang='lat' dir='ltr'>destructum.</span> <span class='ocrx_word' id='word_1_164' title='bbox 1470 1832 1756 1877; x_wconf 87' lang='lat' dir='ltr'>Staminodia</span> 
     </span>
     <span class='ocr_line' id='line_1_24' title="bbox 237 1907 1755 1961; baseline -0.005 -2"><span class='ocrx_word' id='word_1_165' title='bbox 237 1915 397 1959; x_wconf 86' lang='lat' dir='ltr'>intima</span> <span class='ocrx_word' id='word_1_166' title='bbox 432 1928 535 1958; x_wconf 92' lang='lat' dir='ltr'>cum</span> <span class='ocrx_word' id='word_1_167' title='bbox 571 1911 764 1957; x_wconf 89' lang='lat' dir='ltr'>stamine</span> <span class='ocrx_word' id='word_1_168' title='bbox 807 1910 945 1955; x_wconf 92' lang='lat' dir='ltr'>fertili</span> <span class='ocrx_word' id='word_1_169' title='bbox 983 1912 1028 1961; x_wconf 75' lang='lat'>33</span> <span class='ocrx_word' id='word_1_170' title='bbox 1070 1910 1286 1953; x_wconf 83' lang='lat' dir='ltr'>extimum</span> <span class='ocrx_word' id='word_1_171' title='bbox 1324 1909 1545 1953; x_wconf 88' lang='lat' dir='ltr'>callosum</span> <span class='ocrx_word' id='word_1_172' title='bbox 1582 1907 1755 1952; x_wconf 84' lang='lat' dir='ltr'>obova-</span> 
     </span>
     <span class='ocr_line' id='line_1_25' title="bbox 235 1985 1754 2050; baseline -0.005 -14"><span class='ocrx_word' id='word_1_173' title='bbox 235 1998 346 2043; x_wconf 92' lang='lat' dir='ltr'>tum,</span> <span class='ocrx_word' id='word_1_174' title='bbox 389 1990 506 2035; x_wconf 88' lang='lat' dir='ltr'>callo</span> <span class='ocrx_word' id='word_1_175' title='bbox 542 2004 702 2050; x_wconf 80' lang='lat' dir='ltr'>parvo3</span> <span class='ocrx_word' id='word_1_176' title='bbox 742 1988 951 2032; x_wconf 87' lang='lat' dir='ltr'>intimum</span> <span class='ocrx_word' id='word_1_177' title='bbox 1006 1987 1282 2032; x_wconf 87' lang='lat' dir='ltr'>cucullatum</span> <span class='ocrx_word' id='word_1_178' title='bbox 1319 1985 1375 2030; x_wconf 87' lang='lat' dir='ltr'>ad</span> <span class='ocrx_word' id='word_1_179' title='bbox 1410 1986 1603 2029; x_wconf 87' lang='lat' dir='ltr'>alterum</span> <span class='ocrx_word' id='word_1_180' title='bbox 1638 1985 1754 2029; x_wconf 87' lang='lat' dir='ltr'>latus</span> 
     </span>
     <span class='ocr_line' id='line_1_26' title="bbox 237 2060 1756 2122; baseline -0.005 -11"><span class='ocrx_word' id='word_1_181' title='bbox 237 2066 443 2111; x_wconf 86' lang='lat' dir='ltr'>auricula</span> <span class='ocrx_word' id='word_1_182' title='bbox 494 2063 855 2115; x_wconf 89' lang='lat' dir='ltr'>subhorizontali</span> <span class='ocrx_word' id='word_1_183' title='bbox 905 2063 1190 2107; x_wconf 89' lang='lat' dir='ltr'>instructum.</span> <span class='ocrx_word' id='word_1_184' title='bbox 1231 2061 1418 2106; x_wconf 85' lang='lat' dir='ltr'>Stamen</span> <span class='ocrx_word' id='word_1_185' title='bbox 1473 2060 1623 2105; x_wconf 86' lang='lat' dir='ltr'>fertile</span> <span class='ocrx_word' id='word_1_186' title='bbox 1676 2075 1756 2122; x_wconf 90' lang='lat' dir='ltr'>ap-</span> 
     </span>
     <span class='ocr_line' id='line_1_27' title="bbox 234 2136 1752 2204; baseline -0.005 -17"><span class='ocrx_word' id='word_1_187' title='bbox 234 2142 432 2204; x_wconf 89' lang='lat' dir='ltr'>pendice</span> <span class='ocrx_word' id='word_1_188' title='bbox 469 2139 733 2202; x_wconf 87' lang='lat' dir='ltr'>petaloidea</span> <span class='ocrx_word' id='word_1_189' title='bbox 769 2144 960 2197; x_wconf 87' lang='lat' dir='ltr'>angusta</span> <span class='ocrx_word' id='word_1_190' title='bbox 996 2154 1138 2198; x_wconf 85' lang='lat' dir='ltr'>usque</span> <span class='ocrx_word' id='word_1_191' title='bbox 1174 2138 1328 2199; x_wconf 90' lang='lat' dir='ltr'>paullo</span> <span class='ocrx_word' id='word_1_192' title='bbox 1369 2152 1502 2198; x_wconf 91' lang='lat' dir='ltr'>supra</span> <span class='ocrx_word' id='word_1_193' title='bbox 1532 2136 1752 2180; x_wconf 88' lang='lat' dir='ltr'>antherae</span> 
     </span>
     <span class='ocr_line' id='line_1_28' title="bbox 235 2210 1754 2269; baseline -0.004 -9"><span class='ocrx_word' id='word_1_194' title='bbox 235 2216 381 2260; x_wconf 89' lang='lat' dir='ltr'>basim</span> <span class='ocrx_word' id='word_1_195' title='bbox 438 2214 620 2258; x_wconf 88' lang='lat' dir='ltr'>adnata.</span> <span class='ocrx_word' id='word_1_196' title='bbox 678 2213 875 2256; x_wconf 88' lang='lat' dir='ltr'>Germen</span> <span class='ocrx_word' id='word_1_197' title='bbox 928 2211 1151 2269; x_wconf 88' lang='lat' dir='ltr'>glabrum,</span> <span class='ocrx_word' id='word_1_198' title='bbox 1213 2211 1495 2262; x_wconf 91' lang='lat' dir='ltr'>triloculare,</span> <span class='ocrx_word' id='word_1_199' title='bbox 1535 2210 1754 2255; x_wconf 88' lang='lat' dir='ltr'>triovula-</span> 
     </span>
     <span class='ocr_line' id='line_1_29' title="bbox 233 2283 1753 2350; baseline -0.004 -16"><span class='ocrx_word' id='word_1_200' title='bbox 233 2298 345 2334; x_wconf 91' lang='lat' dir='ltr'>tum.</span> <span class='ocrx_word' id='word_1_201' title='bbox 371 2316 429 2322; x_wconf 94' lang='lat'>—</span> <span class='ocrx_word' id='word_1_202' title='bbox 451 2288 639 2350; x_wconf 88' lang='lat' dir='ltr'>Species</span> <span class='ocrx_word' id='word_1_203' title='bbox 674 2285 864 2347; x_wconf 89' lang='lat' dir='ltr'>pulchra</span> <span class='ocrx_word' id='word_1_204' title='bbox 899 2285 1003 2330; x_wconf 88' lang='lat' dir='ltr'>viva</span> <span class='ocrx_word' id='word_1_205' title='bbox 1038 2285 1285 2329; x_wconf 89' lang='lat' dir='ltr'>verisimile</span> <span class='ocrx_word' id='word_1_206' title='bbox 1324 2284 1590 2329; x_wconf 87' lang='lat' dir='ltr'>Calatheam</span> <span class='ocrx_word' id='word_1_207' title='bbox 1617 2283 1753 2329; x_wconf 87' lang='lat' dir='ltr'>War-</span> 
     </span>
     <span class='ocr_line' id='line_1_30' title="bbox 234 2357 1752 2418; baseline -0.004 -11"><span class='ocrx_word' id='word_1_208' title='bbox 234 2362 460 2408; x_wconf 89' lang='lat' dir='ltr'>scewiczii</span> <span class='ocrx_word' id='word_1_209' title='bbox 507 2360 634 2404; x_wconf 83' lang='lat' dir='ltr'>che</span> <span class='ocrx_word' id='word_1_210' title='bbox 672 2358 955 2403; x_wconf 87' lang='lat' dir='ltr'>amoenitate</span> <span class='ocrx_word' id='word_1_211' title='bbox 1006 2363 1172 2418; x_wconf 86' lang='lat' dir='ltr'>aequat</span> <span class='ocrx_word' id='word_1_212' title='bbox 1224 2364 1358 2418; x_wconf 89' lang='lat' dir='ltr'>atque</span> <span class='ocrx_word' id='word_1_213' title='bbox 1413 2357 1752 2403; x_wconf 87' lang='lat' dir='ltr'>characteribus</span> 
     </span>
     <span class='ocr_line' id='line_1_31' title="bbox 236 2433 1748 2496; baseline -0.005 -12"><span class='ocrx_word' id='word_1_214' title='bbox 236 2440 293 2484; x_wconf 86' lang='lat' dir='ltr'>ad</span> <span class='ocrx_word' id='word_1_215' title='bbox 329 2454 431 2483; x_wconf 84' lang='lat' dir='ltr'>eam</span> <span class='ocrx_word' id='word_1_216' title='bbox 465 2436 661 2488; x_wconf 74' lang='lat' dir='ltr'>accedit„</span> <span class='ocrx_word' id='word_1_217' title='bbox 703 2434 780 2480; x_wconf 90' lang='lat' dir='ltr'>sed</span> <span class='ocrx_word' id='word_1_218' title='bbox 815 2433 965 2479; x_wconf 81' lang='lat' dir='ltr'>differt</span> <span class='ocrx_word' id='word_1_219' title='bbox 999 2440 1168 2478; x_wconf 85' lang='lat' dir='ltr'>statura</span> <span class='ocrx_word' id='word_1_220' title='bbox 1204 2434 1357 2496; x_wconf 88' lang='lat' dir='ltr'>paullo</span> <span class='ocrx_word' id='word_1_221' title='bbox 1393 2434 1658 2487; x_wconf 90' lang='lat' dir='ltr'>humiliore,</span> <span class='ocrx_word' id='word_1_222' title='bbox 1679 2433 1748 2478; x_wconf 84' lang='lat' dir='ltr'>fo-</span> 
     </span>
     <span class='ocr_line' id='line_1_32' title="bbox 234 2507 1747 2569; baseline -0.005 -11"><span class='ocrx_word' id='word_1_223' title='bbox 234 2514 307 2558; x_wconf 88' lang='lat' dir='ltr'>liis</span> <span class='ocrx_word' id='word_1_224' title='bbox 343 2512 495 2558; x_wconf 88' lang='lat' dir='ltr'>subtus</span> <span class='ocrx_word' id='word_1_225' title='bbox 547 2509 812 2555; x_wconf 89' lang='lat' dir='ltr'>brevissime</span> <span class='ocrx_word' id='word_1_226' title='bbox 869 2507 1100 2569; x_wconf 90' lang='lat' dir='ltr'>puberulis</span> <span class='ocrx_word' id='word_1_227' title='bbox 1137 2508 1243 2568; x_wconf 88' lang='lat' dir='ltr'>(nec</span> <span class='ocrx_word' id='word_1_228' title='bbox 1278 2507 1529 2568; x_wconf 85' lang='lat' dir='ltr'>velutinis),</span> <span class='ocrx_word' id='word_1_229' title='bbox 1568 2507 1747 2567; x_wconf 86' lang='lat' dir='ltr'>vaginis</span> 
     </span>
     <span class='ocr_line' id='line_1_33' title="bbox 237 2581 1752 2649; baseline -0.003 -18"><span class='ocrx_word' id='word_1_230' title='bbox 237 2585 468 2649; x_wconf 86' lang='lat' dir='ltr'>puberulis</span> <span class='ocrx_word' id='word_1_231' title='bbox 505 2583 611 2644; x_wconf 88' lang='lat' dir='ltr'>(nec</span> <span class='ocrx_word' id='word_1_232' title='bbox 648 2583 787 2628; x_wconf 86' lang='lat' dir='ltr'>dense</span> <span class='ocrx_word' id='word_1_233' title='bbox 823 2582 1113 2642; x_wconf 86' lang='lat' dir='ltr'>molliterque</span> <span class='ocrx_word' id='word_1_234' title='bbox 1149 2582 1542 2643; x_wconf 85' lang='lat' dir='ltr'>pubescentibus),</span> <span class='ocrx_word' id='word_1_235' title='bbox 1578 2581 1752 2644; x_wconf 90' lang='lat' dir='ltr'>pedun-</span> 
     </span>
     <span class='ocr_line' id='line_1_34' title="bbox 236 2656 1746 2721; baseline -0.004 -13"><span class='ocrx_word' id='word_1_236' title='bbox 236 2663 348 2708; x_wconf 89' lang='lat' dir='ltr'>culis</span> <span class='ocrx_word' id='word_1_237' title='bbox 384 2659 701 2720; x_wconf 86' lang='lat' dir='ltr'>glabriusculis</span> <span class='ocrx_word' id='word_1_238' title='bbox 739 2657 843 2720; x_wconf 90' lang='lat' dir='ltr'>(nec</span> <span class='ocrx_word' id='word_1_239' title='bbox 867 2657 1004 2704; x_wconf 84' lang='lat' dir='ltr'>dense</span> <span class='ocrx_word' id='word_1_240' title='bbox 1031 2657 1320 2719; x_wconf 89' lang='lat' dir='ltr'>molliterque</span> <span class='ocrx_word' id='word_1_241' title='bbox 1355 2656 1746 2721; x_wconf 85' lang='lat' dir='ltr'>pubescentibus),</span> 
     </span>
    </p>
   </div>
  </div>
 </body>
</html>
