1962 3080
849 139 912 191 81

268 263 318 308 Α.
347 263 458 306 Folia
492 261 602 317 apice
637 259 754 302 valde
790 259 953 316 obliqua
988 266 1025 303 et
1058 259 1357 315 inaequilatera3
1399 258 1554 319 (petioli
1594 261 1643 304 ad

327 335 534 380 articulum
571 333 636 375 vel
672 333 846 377 annulati
882 333 946 375 vel
982 329 1246 390 exannulati).

260 456 296 485 a.
340 438 665 483 lnssorescentiae
703 438 903 487 esohatae;
951 439 1084 495 petioli
1137 439 1184 481 ad
1237 437 1444 481 articulum
1498 437 1643 480 annulo

325 515 569 573 prominente
605 515 736 557 cincti.
779 513 851 571 Sp.
897 515 1034 559 4-2.

247 621 287 663 h.
330 619 475 677 spicae
511 618 604 661 folio
647 619 846 663 suffultae.

401 737 443 765 α.
486 722 627 765 Petioli
664 723 713 765 ad
748 720 956 765 articulum
999 721 1144 764 annulo
1196 721 1444 778 prominente
1496 719 1647 777 pubes-

465 806 579 841 cente
615 798 748 840 cincti.
795 796 958 855 (Spicae
994 797 1041 839 ad
1077 797 1254 839 rhaehim
1292 809 1428 853 parum
1480 796 1648 851 elonga-

465 881 539 918 tam
588 875 678 917 hine
725 874 815 916 inde
851 873 1144 932 fasciculame).
1188 871 1258 930 Sp.
1299 872 1439 916 3—5.

400 974 445 1037 β.
489 979 627 1022 Petioli
664 979 711 1021 ad
748 978 953 1021 articulum
992 977 1231 1020 exannulati.
1274 975 1346 1032 Sp.
1389 975 1529 1019 6-7.

267 1090 316 1132 B.
372 1090 483 1134 Folia
518 1090 630 1147 apice
684 1096 809 1139 recta;
866 1090 1000 1146 petioli
1054 1091 1102 1132 ad
1139 1089 1348 1132 articulum
1403 1089 1642 1133 exannulati.

333 1166 404 1224 Sp.
452 1166 624 1211 8-15.

266 1277 316 1320 ll.
339 1277 557 1319 Bracteae
577 1290 881 1337 papyraceae,
905 1276 952 1319 in
986 1276 1108 1320 sicco
1130 1290 1437 1336 compressae.
1463 1275 1540 1336 Sp.
1569 1277 1644 1319 16.

192 1383 225 1427 l.
270 1383 485 1427 Brecteae
521 1383 663 1441 riyiclo
684 1407 698 1413 —
715 1398 1026 1441 perqamenae,
1068 1383 1314 1427 exsiccatae
1351 1383 1479 1426 etiam
1514 1383 1649 1440 cylin-

126 1459 290 1504 dricae.

265 1572 319 1615 A.
358 1571 490 1615 Folia
527 1571 645 1627 apice
681 1571 807 1614 valde
844 1571 1020 1628 obliqua
1052 1577 1089 1613 et
1115 1571 1454 1628 inaequilatera;
1493 1569 1649 1628 (pelio-

329 1647 360 1691 li
394 1648 452 1689 ad
495 1647 730 1690 articulum
767 1648 836 1690 vel
866 1646 1138 1690 eoeannulati
1169 1646 1239 1690 vel
1271 1645 1515 1704 annulati).

265 1772 306 1801 a.
347 1757 701 1816 Inslorescentiae
737 1757 960 1814 efoliatae;
994 1757 1153 1814 petioli
1202 1759 1262 1800 ad
1295 1757 1534 1800 artzculum
1570 1772 1650 1800 ‹m-

331 1837 433 1879 nulo
463 1835 740 1891 prominente
771 1836 1031 1891 pubescente
1066 1834 1208 1878 cincti.

188 1949 230 1993 1.
270 1949 306 1992 I.
349 1946 580 1992 Parlceri
610 1945 755 1991 che.

189 2056 436 2101 Pednncnlo
474 2057 647 2103 lanino,-
687 2055 843 2098 rhachi
875 2055 1222 2113 inflorescentz'ae
1259 2069 1432 2104 crassa,
1471 2055 1643 2099 stricta.

193 2182 288 2213 var.
331 2183 359 2211 α
391 2165 737 2212 Inflorescenfia
775 2166 910 2228 spicis
944 2164 1239 2227 paucioribus
1273 2164 1540 2209 laxioribus.

191 2277 405 2332 Phryninm
440 2277 607 2320 Parkeri
642 2276 767 2320 Rosc.
807 2275 907 2320 Scit.
946 2276 1026 2320 tab.
1069 2276 1146 2320 42.

191 2384 364 2430 Maranta
400 2386 565 2429 Parkeri
601 2386 649 2430 A.
690 2387 815 2430 Dietr.
858 2400 918 2443 sp.
960 2386 1017 2442 pl.
1063 2386 1105 2436 1,
1147 2385 1223 2428 25,

191 2493 379 2538 Calathea
431 2493 596 2537 Parkeri
646 2495 800 2552 Poepp.
855 2500 893 2537 et
927 2493 1049 2536 Endl.
1105 2493 1205 2537 Nov.
1249 2491 1350 2535 Gen.
1408 2499 1448 2536 et
1480 2507 1542 2550 sp.
1581 2493 1639 2550 pl.

122 2570 168 2621 2,
210 2569 285 2613 22.

184 2665 337 2709 Insula
372 2665 525 2709 Novae
564 2663 821 2708 Granaceae.

196 2740 248 2787 Ν)
288 2744 329 2786 1.
374 2742 511 2786 1862.
1413 2742 1441 2783 6
