1962 3080
764 226 828 278 49

31 353 254 398 Luschnath
290 350 434 410 (Herb.
463 347 589 391 Acad.
620 344 824 403 Petrop.),
865 344 1034 389 Stewart
1058 352 1095 388 et
1116 344 1256 388 Riedel
1283 345 1322 387 in
1347 345 1549 388 umbrosis

31 429 334 474 humidiusculis
377 440 418 468 n.
450 422 540 468 868
572 422 713 481 (Herb.
741 422 848 465 Hort.
881 420 1083 479 Petrop.).
1113 421 1156 464 In
1180 434 1289 478 prov.
1318 420 1444 464 Minus
1469 420 1547 464 Ge-

35 520 124 550 raes
159 506 244 561 leg.
282 502 476 559 Widgren
509 514 549 543 n.
581 498 670 543 918
707 504 746 543 et
771 497 970 543 Claussen
994 512 1035 541 n.
1068 497 1157 541 <178
1200 497 1340 555 (Herh.
1369 495 1544 555 Helm.)

32 583 75 625 In
99 579 401 625 huniidiusculis
427 578 475 622 ad
499 578 607 634 ripas
633 577 850 620 rivulorum
874 589 984 632 prov.
1014 574 1246 618 Mandiocca
1271 580 1308 617 et
1347 575 1387 616 in
1432 574 1551 633 siccis

33 658 279 716 petrosisque
321 654 454 699 Castel
496 667 594 697 novo
631 653 845 696 Novembri
895 653 979 707 leg.
1026 651 1168 693 Riedel
1205 664 1245 692 n.
1284 649 1376 694 452
1407 648 1546 708 (Herb.

30 734 138 778 Hort.
168 730 372 791 Petrop.).

97 851 190 895 Var.
214 846 241 911 β
261 851 301 894 in
322 863 432 907 prov.
457 850 529 892 Rio
552 849 703 905 grande
723 849 808 905 leg.
833 847 1024 890 Tweedie
1054 845 1194 904 (Herb.
1218 845 1330 889 Hori.
1347 845 1548 904 Petrop.).

167 982 208 1012 c.
241 967 439 1012 Sichiom'
490 967 850 1011 annumeranda?
901 966 975 1007 secl
1032 965 1140 1008 satis
1196 972 1433 1009 accurante
1466 980 1553 1009 non

233 1042 469 1100 descripta.

98 1159 174 1202 14.
214 1158 272 1201 M.
303 1155 601 1213 cuspz'data
622 1155 745 1198 Rosa.
776 1152 876 1198 Scit.
904 1155 985 1199 tab.
1016 1155 1092 1197 34.

90 1262 246 1318 Asrtca
271 1261 405 1305 Sierra
430 1261 580 1303 Leone.

93 1373 202 1419 Haec
227 1375 384 1431 species
408 1379 568 1431 propter
585 1372 708 1417 flores
734 1379 905 1417 saturate
930 1373 1060 1417 luteos
1088 1374 1202 1416 valde
1227 1373 1415 1431 insignis.

163 1495 212 1540 B.
250 1494 393 1538 Tubus
440 1494 627 1538 corollae
684 1493 977 1542 brevissimus,
1039 1493 1229 1551 amplus.
1276 1493 1550 1538 Stamz'nodz'a

231 1579 416 1615 externa
442 1569 618 1628 majora
641 1576 679 1613 et
705 1568 1026 1627 labellz‘formz‘a.

95 1677 172 1720 15.
211 1677 269 1720 M.
316 1676 545 1720 Tonckat
579 1675 702 1719 Aubl.
741 1675 842 1719 Hist.
874 1677 912 1719 d.
944 1676 999 1733 pl.
1032 1677 1072 1718 d.
1104 1676 1247 1720 Guian.
1289 1677 1416 1720 franc.
1446 1678 1490 1728 1,
1521 1680 1545 1722 3

33 1753 204 1807 (exclus.
245 1750 426 1808 synon.).
466 1751 572 1795 Nees
598 1757 635 1794 et
657 1751 770 1796 Mart.
800 1752 840 1794 in
864 1751 966 1795 Nov.
994 1751 1082 1794 Act.
1119 1752 1313 1809 Leopold.
1342 1758 1437 1795 tom.
1473 1754 1546 1804 44,

31 1839 120 1883 pars
148 1826 191 1877 4,
222 1826 298 1870 23.
328 1826 448 1870 Rosc.
480 1826 575 1869 Scit.
607 1826 687 1869 tab.
719 1824 796 1871 30.
826 1825 910 1869 Nec
933 1825 1096 1869 Blunle.

92 1938 264 1982 Maranta
295 1938 550 1995 angustifolia
575 1937 684 1982 Sims
709 1938 797 1982 Bot.
826 1938 933 1996 Mag.
966 1938 1042 1988 50,
1072 1939 1151 1982 tab.
1184 1937 1329 1982 2398?

92 2051 265 2097 Maranta
288 2066 495 2097 racemosa
520 2052 666 2096 Humb.
697 2060 735 2097 et
758 2053 905 2110 Bonpl.
944 2058 1043 2096 teste
1078 2052 1154 2095 Lk.
1192 2052 1329 2097 Jahrb.
1361 2054 1405 2106 4,
1446 2060 1545 2098 sect.

31 2127 77 2178 3,
104 2141 204 2187 pag.
235 2129 309 2171 24.
348 2129 398 2172 Α.
428 2129 553 2172 Dietr.
585 2143 648 2186 sp.
688 2129 745 2186 pl.
789 2130 835 2180 4,
875 2129 951 2172 24.
992 2128 1057 2172 ΚΙ.
1096 2128 1196 2172 Mss.
1236 2130 1275 2172 in
1300 2129 1425 2172 Herb.
1467 2130 1545 2173 Be-

30 2203 148 2247 rolin.
178 2210 216 2247 et
237 2204 361 2248 Acad.
393 2206 553 2262 Petrop.

93 2305 267 2350 Maranta
297 2307 524 2363 pubescens
550 2307 616 2352 Kl.
664 2309 701 2351 in
738 2308 841 2351 Rob.
884 2307 1182 2365 Schoniburgk.
1223 2308 1320 2351 Reis
1355 2309 1393 2350 in
1430 2308 1543 2354 Britt.

29 2380 182 2426 Guiana
208 2382 253 2433 3,
283 2382 391 2425 917.

93 2483 268 2528 Maranta
313 2485 440 2541 pilosa
476 2484 622 2528 Humb.
662 2486 699 2528 in
736 2486 859 2530 Herb.
902 2486 1042 2530 Willd.
1086 2487 1162 2530 23.
1202 2486 1277 2529 Lk.
1317 2486 1454 2531 Jahrb.
1496 2490 1541 2542 4,

28 2565 128 2603 sect.
159 2559 204 2611 3,
233 2573 326 2616 pag.
359 2560 434 2604 20.

93 2661 268 2707 Maranta
292 2663 433 2706 villosa
459 2662 589 2705 Keke.
618 2661 718 2706 Mss.
748 2665 839 2707 olim
872 2665 1055 2723 (varietas
1080 2665 1196 2708 valde
1231 2664 1459 2721 pubescens
1484 2668 1548 2711 vel

34 2739 264 2794 praesertim
300 2740 480 2797 germine
517 2739 700 2798 villosa).

99 2815 150 2859 N>
191 2817 232 2859 1.
276 2817 414 2860 1862.
1315 2820 1345 2860 4
