1962 3080
1011 156 1078 208 88

281 271 512 316 scentibus
548 273 761 324 cinctum,
801 279 1003 318 ceterum
1057 274 1282 332 glabrum.
1323 301 1383 308 -—
1419 274 1582 319 Diss'ert
1616 275 1670 319 ab
1707 291 1801 320 am-

285 345 428 390 bobus
480 347 856 393 antecedentibus
909 349 1029 394 foliis
1081 350 1317 396 latioribus
1355 351 1565 409 oblongis
1618 351 1801 412 petiolis

286 421 508 482 cauleque
544 422 742 467 hirsutis.
799 423 989 485 Propter
1039 424 1247 470 bracteas
1284 426 1538 471 ohtusiores
1574 433 1619 470 et
1652 427 1800 488 spicas

284 497 432 541 minus
468 497 606 542 dense
645 498 873 543 confertas
909 501 1054 558 magis
1091 500 1145 544 ad
1180 502 1213 545 Ι.
1253 502 1403 546 laxum
1438 502 1562 546 Keke
1600 502 1794 547 accedit.

559 636 604 700 β.
644 640 798 683 Petiolz·
830 643 888 685 ad
923 640 1157 685 articulum
1194 643 1472 687 eaeannulati.

350 768 395 811 6.
432 769 470 812 Ι.
508 771 738 813 Arouma
771 769 914 814 che.

347 880 521 926 Maranta
551 883 727 927 Arouma
762 885 883 927 Aubl.
924 885 1025 928 Hist.
1066 887 1105 929 d.
1146 886 1202 943 pl.
1245 886 1284 928 d.
1326 884 1470 929 Guian.
1512 885 1634 929 franc.
1667 885 1711 937 1,
1752 884 1796 928 3.

279 955 396 1012 Jacq.
436 958 599 1015 Fragm.
642 959 719 1010 53,
758 960 838 1004 tab.
882 961 939 1003 72
978 967 1015 1003 et
1051 962 1126 1005 73.

347 1056 522 1102 Maranta
553 1059 699 1114 juncea
734 1060 847 1104 Lam.
888 1061 1057 1116 Eneycl.
1100 1062 1144 1111 2,
1188 1061 1294 1105 589.

348 1155 522 1200 Maranta
557 1159 740 1214 petiolata
775 1160 919 1217 Rudge
955 1161 1021 1204 Pl.
1061 1162 1197 1218 guian.
1252 1161 1310 1203 le.
1349 1174 1442 1217 pag.
1481 1159 1557 1203 2-4.
1599 1160 1679 1203 tab.
1719 1160 1797 1203 37.

355 1258 543 1303 Calathea
575 1261 723 1317 juncea
759 1262 852 1319 Spr.
895 1271 994 1318 syst.
1033 1277 1129 1321 veg.
1171 1264 1216 1314 ‘1‚
1259 1263 1302 1307 8.

349 1358 481 1415 Spicis
519 1360 676 1405 diversa
712 1362 917 1405 altitudine
951 1363 1129 1407 insertis.

344 1460 521 1503 Insulae
555 1461 740 1505 Antz'llae
777 1469 814 1505 et
852 1461 1044 1506 Gaiana.
1085 1464 1221 1506 Insula
1259 1462 1546 1519 Gouadeloupe
1571 1463 1609 1505 in
1634 1463 1802 1519 regione

280 1542 463 1579 montana
498 1538 583 1594 leg.
625 1539 905 1596 Duchassaing
944 1539 1086 1598 (Herb.
1127 1538 1307 1598 Berol.).

350 1648 412 1692 Cl.
454 1648 675 1693 Grisebaeh
710 1651 749 1693 in
785 1664 906 1707 opere
943 1650 1141 1706 «System.
1192 1650 1551 1707 Untersuchungen
1603 1651 1702 1694 iiber
1737 1651 1803 1693 die

282 1723 514 1781 Vegetation
550 1726 627 1782 der·
655 1725 856 1769 Karaiben
908 1726 1199 1769 msbesondere
1243 1727 1313 1769 der
1347 1727 1454 1769 Insel
1493 1726 1802 1783 Gouadeloupe»

280 1813 375 1857 pag.
418 1800 506 1844 ⁴127
545 1802 689 1857 injuste
725 1801 937 1846 Marantam
976 1804 1147 1846 Arouma
1180 1803 1294 1859 Jaeq.
1330 1809 1366 1846 et
1398 1803 1623 1859 petiolatam
1661 1803 1805 1860 Rudge

283 1884 321 1919 et
357 1875 687 1921 Surinamensem
722 1878 820 1935 Mig.
861 1879 1072 1935 conjunxit.

348 1986 528 2031 Nomen
562 1989 884 2033 vernaculum:
924 1991 1110 2033 Aruma.

350 2099 396 2142 7.
434 2100 471 2142 I.
513 2100 756 2157 obliquus
792 2100 935 2145 che.

348 2210 523 2255 Maranta
559 2213 719 2268 obliqua
754 2213 897 2269 Rudge
935 2215 999 2258 Pl.
1042 2215 1185 2258 Guian.
1226 2215 1283 2258 Ie.
1324 2214 1368 2264 ’1,
1410 2212 1454 2264 8,
1495 2213 1573 2256 tab.
1615 2213 1658 2255 2.
1699 2211 1794 2267 Miq.

282 2288 324 2329 in
357 2288 474 2330 Linn.
517 2289 574 2332 22
613 2288 796 2348 (1849),
838 2290 894 2333 79
938 2288 1011 2348 (⁶2).
1051 2291 1135 2333 Nee
1172 2290 1359 2334 Senbert.

348 2399 664 2454 Hymenocharis
701 2401 862 2457 obliqua
900 2400 1051 2445 Salish.
1074 2400 1192 2444 MSS.
1221 2402 1261 2444 in
1285 2401 1426 2444 Roem.
1452 2405 1489 2443 et
1513 2399 1666 2443 Schult.
1697 2398 1802 2441 Add.

286 2474 319 2517 11
357 2476 405 2518 ad
441 2475 560 2520 Mant.
600 2477 615 2520 I
653 2478 776 2521 class.
819 2477 895 2520 82.

356 2583 542 2629 Calathea
592 2588 888 2644 macrostaehya
940 2587 1008 2631 Kl.
1048 2589 1088 2630 in
1124 2587 1240 2632 Rich.
1282 2587 1564 2644 Schomburgk
1615 2586 1726 2629 Reis.
1767 2584 1806 2627 in

291 2660 392 2705 Brit.
432 2661 575 2706 Guian.
616 2665 660 2717 3,
703 2663 810 2707 918.
